2978 5326
732 509 774 571 43

130 686 255 750 Stallb.
282 686 394 750 laudat
418 685 540 767 Cratyl.
567 705 633 768 413
663 688 712 762 D,
740 687 825 748 Xen.
852 684 959 746 Anah.
986 684 1084 764 5,7,6.
1111 683 1149 745 cf.
1169 689 1317 755 διαβάλλειν
1331 682 1368 748 ὠς

131 797 243 859 Isocr.
276 796 392 872 16,10;
420 797 505 859 Xen.
533 797 622 859 Hell.
649 797 773 877 6,3,12.
813 797 875 858 Pro
900 803 1051 868 ὀφείλοντες
1074 795 1127 856 hic
1152 815 1287 875 quoque
1304 793 1368 874 legi

130 913 269 990 poterat
293 914 491 985 ἐναφείλαντες,
518 908 576 969 sed
602 907 682 969 illud
707 910 838 989 gravius
863 918 922 971 est.

190 1035 243 1080 10.
293 1022 590 1094 παρεκρούσαντο.
628 1015 738 1080 Activ.
764 1039 815 1101 ap.
843 1019 967 1081 Platon.
995 1015 1073 1078 Crit.
1099 1015 1194 1094 46E;
1222 1014 1367 1077 Dinarch

139 1144 262 1204 1‚102;
298 1127 461 1210 Harpoct.
495 1149 520 1190 S.
546 1150 576 1190 V.
603 1128 728 1190 derivat
752 1135 804 1185 ἀπὸ
826 1139 874 1188 τοῦ
894 1133 955 1194 τοὺς
979 1133 1100 1192 ἱστάντας
1123 1151 1147 1183 τι
1166 1134 1182 1200 ἢ
1202 1133 1367 1201 μετροῦντας

132 1241 244 1312 κρούειν
263 1244 297 1295 τὰ
317 1246 406 1313 μέτμα
426 1241 467 1296 καλ
488 1245 608 1297 διασείειν
628 1245 701 1296 ἕνεκα
721 1248 771 1297 τοῦ
790 1245 963 1311 πλεονεκτεῖν,
983 1241 1024 1294 καὶ
1046 1246 1081 1302 α’νς
1105 1239 1239 1311 Σοφοκλῆς
1256 1260 1316 1293 που·
1332 1245 1366 1301 ὡς

133 1353 207 1420 μήτε
233 1349 349 1422 κρούσῃς
376 1353 442 1421 μήθ’
469 1351 539 1421 ὑπὲρ
560 1352 647 1422 χεῖλος
668 1353 762 1423 βάλῃς.
813 1349 887 1410 Hac
919 1347 1168 1429 significatione,
1196 1367 1297 1427 quam
1323 1348 1368 1408 in-

133 1457 227 1519 dicat
265 1457 526 1539 Harpocration,
562 1460 659 1520 etiam
693 1460 828 1522 Lucian.
863 1459 947 1521 Tim.
982 1473 1021 1538 57
1053 1459 1170 1519 utitur:
1206 1469 1262 1526 μον
1283 1480 1367 1529 παρα·

133 1575 305 1643 κέκρουσμαί
319 1594 364 1642 σε;
384 1572 426 1627 καὶ
445 1577 495 1644 μὴν
514 1576 659 1642 ἐπεμβαλῶ
682 1575 795 1647 χοίνικας
818 1575 887 1643 ὑπὲρ
907 1578 939 1628 τι)
960 1577 1058 1641 μέτρον
1078 1577 1220 1641 τέτταρας.
1270 1564 1368 1627 Com-

133 1677 322 1760 parandum
355 1698 436 1759 ergo
469 1687 519 1740 est
551 1687 729 1752 ταμακόττεα
761 1679 821 1741 Ατ.
856 1679 972 1740 Nubes
997 1677 1083 1756 640,
1110 1684 1142 1738 et
1166 1682 1367 1748 zpovoruerpsr'v

133 1787 322 1850 secundum
348 1788 438 1869 quod
463 1788 523 1851 Ar.
551 1789 637 1871 Equ.
665 1791 731 1869 859
756 1796 940 1864 κρουσιδημῶν
965 1789 1067 1850 finxit.
1106 1785 1274 1861 Schmidt,
1293 1783 1367 1868 (Sy-

134 1898 300 1979 nonymik
325 1898 383 1960 der
409 1895 539 1962 Griech.
567 1898 712 1983 Sprache
735 1899 835 1981 1879)
859 1922 891 1983 p.
920 1916 1001 1982 290,
1021 1897 1154 1961 adhibet
1179 1895 1367 1977 Phocylidis

132 2029 270 2070 versum
303 2008 392 2091 (Ι5);
423 2015 544 2083 σταθμὸν
569 2016 606 2084 μὴ
632 2012 734 2084 κρούειν
754 2014 917 2086 έτερόζαγον
938 2013 995 2067 ἀλλ’
1016 2011 1068 2066 ἴσον
1088 2014 1185 2084 ἕλκειν,
1211 2007 1368 2089 ducitque

133 2120 276 2181 verbum
301 2140 320 2181 a
344 2096 556 2201 depressione
581 2117 648 2200 iugi
673 2117 784 2180 librae.

186 2228 297 2292 Aliam
330 2228 584 2311 explicationem
599 2229 730 2310 ,probat
755 2226 868 2290 Stallb.
894 2228 935 2290 ad
962 2229 1008 2291 Pl.
1035 2226 1158 2291 Criton.
1185 2228 1262 2306 4613
1287 2229 1365 2290 duc-

134 2350 208 2403 tam
231 2361 251 2402 a
275 2339 384 2402 luctus
408 2339 561 2414 artifici0,
588 2359 672 2419 quae
697 2340 805 2400 minus
829 2340 1012 2401 verisimilis
1037 2339 1176 2402 videtur.
1211 2337 1365 2401 Ceterum

135 2451 250 2536 confer
273 2450 370 2512 Wolf
387 2450 429 2512 ad
455 2450 584 2531 Leptin.
613 2466 666 2511 22.
702 2450 799 2512 Dem.
820 2463 892 2528 2‚5;
912 2449 1009 2529 6‚23;
1031 2448 1091 2529 36,
1112 2464 1186 2529 7‚5;
1211 2453 1283 2529 15‚8
1303 2458 1363 2511 cet.

136 2560 246 2642 Saepe
270 2580 346 2623 cum
372 2569 533 2635 φενακίζειν,
559 2559 649 2621 velut
676 2574 818 2637 27,107;
847 2577 990 2640 24,209;
1019 2559 1119 2639 29‚36
1146 2570 1206 2622 cet.

192 2689 242 2734 10.
291 2677 417 2730 ἔλακον
450 2676 700 2741 δανεισάμενοι.
759 2670 926 2731 Heindorf
956 2671 997 2731 ad
1036 2671 1160 2733 Platon.
1200 2671 1364 2733 Phaedon.

141 2796 183 2861 57
219 2782 261 2843 D.
296 2779 340 2864 (p.
368 2779 444 2865 91):
473 2779 594 2861 ubique
618 2781 740 2841 aoristo
766 2785 851 2838 λαθεῖν
876 2801 941 2842 non
967 2783 1146 2862 praesentis
1171 2781 1230 2842 sed
1255 2782 1365 2843 aoristi
1450 2846 1461 2852 „

136 2893 347 2973 participium
371 2891 593 2972 adiungitur.”
637 2891 747 2973 Quem
773 2892 939 2971 redarguit
965 2891 1097 2967 Stallb.‚
1122 2892 1213 2954 locos
1230 2892 1366 2954 afferens

139 3001 195 3063 ubi
220 3022 375 3083 praesens
401 3021 535 3083 quoque
559 3003 708 3082 ponitur,
735 3002 825 3063 velut
850 3002 909 3063 Ar.
936 3002 1027 3063 Aves
1059 3016 1162 3082 1195:
1189 3011 1275 3076 μήτε
1296 3008 1366 3078 λάθῃ

91 3171 94 3174 ,
139 3117 212 3170 θεῶν
231 3135 269 3176 τις
292 3115 376 3188 ταύτῃ
396 3125 495 3185 τεμών.
537 3112 629 3174 Idem
656 3113 698 3174 ad
724 3114 848 3176 Phileb.
876 3115 951 3194 3oE
977 3117 1058 3176 inter
1079 3135 1234 3197 praesens
1251 3122 1282 3175 et
1299 3134 1365 3175 aor.

139 3221 315 3282 discrimen
340 3223 452 3283 statuit
476 3223 566 3304 quod
591 3232 700 3285 tamen
718 3224 959 3286 subobscurum
977 3235 1035 3286 est.
1056 3226 1094 3286 cf.
1113 3226 1211 3286 etiam
1231 3224 1367 3303 Madvig

139 3333 171 3393 in
198 3330 314 3394 Philol.
341 3332 374 3393 ΙΙ
400 3330 517 3414 Suppl.
543 3354 574 3414 p.
602 3348 643 3413 45
672 3355 744 3415 sqq.

192 3459 244 3520 13.
294 3449 436 3500 τοιαῦτα
469 3451 530 3505 cet.
581 3442 687 3525 Saepe
720 3446 763 3506 ita
796 3445 977 3526 colligitur:
1015 3463 1134 3525 30‚14;
1168 3445 1271 3524 61,29
1305 3453 1366 3506 cet.

139 3552 179 3615 cf.
204 3551 247 3614 ad
273 3554 288 3629 §
316 3569 368 3632 39.
419 3550 572 3615 Gebauer
596 3553 686 3635 App.
713 3555 754 3616 ad
781 3555 860 3636 Lys.
886 3576 918 3638 p.
948 3572 1014 3617 200
1040 3565 1072 3617 et
1099 3572 1175 3618 201.
1409 3544 1411 3548 Α

193 3680 244 3740 14.
293 3666 456 3720 τοῦτοδὲ
477 3670 585 3722 πάντα
609 3666 711 3726 variat
737 3685 813 3726 cum
839 3672 922 3723 πάντα
943 3670 972 3722 δὲ
992 3674 1089 3727 ταῦτα.
1114 3666 1152 3728 cf.
1172 3666 1308 3727 Lobeck
1327 3665 1368 3727 ad

140 3771 245 3854 Soph.
270 3771 326 3834 Al.
358 3789 455 3852 1023.
493 3772 616 3835 Weber
640 3774 681 3835 ad
705 3776 866 3838 Aristocr.
890 3780 905 3853 ξ
925 3777 966 3837 28
986 3777 1030 3837 ait
1045 3775 1243 3837 vocabulum
1261 3777 1369 3857 priore

138 3883 215 3945 loco
240 3883 384 3965 positum
410 3902 486 3944 cum
511 3884 542 3945 vi
559 3884 663 3946 efferri
674 3908 681 3961 ;
700 3906 808 3967 neque
824 3894 934 3948 tamen
952 3888 977 3947 si
996 3886 1087 3947 locos
1104 3895 1232 3968 spectas
1250 3908 1269 3948 a
1284 3908 1315 3949 v.
1336 3887 1367 3947 d.

139 3992 280 4056 Lobeck
305 3993 461 4070 collatOS,
487 3993 571 4056 hanc
593 3995 835 4058 distinctionem
853 3998 975 4079 ubique
992 3996 1197 4058 observatam
1215 3998 1367 4078 reperies.

191 4118 243 4183 15.
286 4108 325 4160 τὰ
345 4112 420 4167 ante
437 4109 639 4176 σοφίσματα
655 4107 771 4169 abesse
789 4106 900 4168 malim
917 4106 1134 4188 praecedente
1151 4114 1367 4183 κακουργήματα.

138 4213 226 4276 Cum
252 4233 333 4276 voce
358 4220 512 4287 σοφίσματα
536 4216 574 4279 cf.
608 4219 747 4295 18,227;
780 4230 919 4297 19,25o;
948 4219 1067 4297 29,28;
1095 4225 1156 4279 cet.

192 4323 243 4386 16.
293 4330 347 4398 (ὅτι
372 4333 396 4383 δ’
417 4331 506 4403 ἀληθῆ
531 4333 610 4402 λέγω)
637 4330 704 4386 καλε
738 4338 768 4389 et
794 4348 830 4389 re
861 4348 956 4402 vera,
987 4327 1100 4389 Kiihn.
1128 4327 1160 4388 ll
1193 4348 1226 4408 p.
1254 4339 1366 4405 792,5.

136 4435 248 4518 Saepe
280 4445 356 4517 post
388 4436 486 4499 talem
511 4437 693 4501 formulam.
720 4440 759 4502 cf.
787 4439 933 4501 Huttner
957 4438 998 4499 ad
1023 4457 1070 4499 or.
1098 4437 1253 4499 XXXVI
1280 4439 1295 4514 ξ
1319 4455 1366 4497 10.
