<?xml version="1.0" encoding="UTF-8"?>
<!DOCTYPE html PUBLIC "-//W3C//DTD XHTML 1.0 Transitional//EN"
    "http://www.w3.org/TR/xhtml1/DTD/xhtml1-transitional.dtd">
<html xmlns="http://www.w3.org/1999/xhtml" xml:lang="en" lang="en">
 <head>
  <title>
</title>
<meta http-equiv="Content-Type" content="text/html;charset=utf-8" />
  <meta name='ocr-system' content='tesseract 3.04.00' />
  <meta name='ocr-capabilities' content='ocr_page ocr_carea ocr_par ocr_line ocrx_word'/>
</head>
<body>
  <div class='ocr_page' id='page_1' title='image "./annotationesadd00hanngoog_0040.png"; bbox 0 0 3008 5296; ppageno 0'>
   <div class='ocr_carea' id='block_1_1' title="bbox 668 522 687 584">
    <p class='ocr_par' dir='ltr' id='par_1_1' title="bbox 668 522 687 584">
     <span class='ocr_line' id='line_1_1' title="bbox 668 522 687 584; baseline 0 0"><span class='ocrx_word' id='word_1_1' title='bbox 668 522 687 584; x_wconf 92' lang='lat'><em>7</em></span> 
     </span>
    </p>
   </div>
   <div class='ocr_carea' id='block_1_2' title="bbox 10 702 1292 1340">
    <p class='ocr_par' dir='ltr' id='par_1_2' title="bbox 10 702 1292 1340">
     <span class='ocr_line' id='line_1_2' title="bbox 62 702 1291 790; baseline 0 -25"><span class='ocrx_word' id='word_1_2' title='bbox 62 706 201 784; x_wconf 76' lang='lat' dir='ltr'>spuriiS,</span> <span class='ocrx_word' id='word_1_3' title='bbox 236 705 391 785; x_wconf 87' lang='lat' dir='ltr'>quoniam</span> <span class='ocrx_word' id='word_1_4' title='bbox 416 702 549 763; x_wconf 89' lang='lat' dir='ltr'>nomina</span> <span class='ocrx_word' id='word_1_5' title='bbox 573 703 706 790; x_wconf 87' lang='lat' dir='ltr'>propria</span> <span class='ocrx_word' id='word_1_6' title='bbox 729 710 797 764; x_wconf 88' lang='lat' dir='ltr'>tam</span> <span class='ocrx_word' id='word_1_7' title='bbox 822 723 921 784; x_wconf 87' lang='lat' dir='ltr'>saepe</span> <span class='ocrx_word' id='word_1_8' title='bbox 946 711 1139 778; x_wconf 88' lang='lat' dir='ltr'>occurrunt,</span> <span class='ocrx_word' id='word_1_9' title='bbox 1167 712 1202 765; x_wconf 91' lang='lat' dir='ltr'>ut</span> <span class='ocrx_word' id='word_1_10' title='bbox 1227 725 1291 766; x_wconf 92' lang='lat' dir='ltr'>non</span> 
     </span>
     <span class='ocr_line' id='line_1_3' title="bbox 61 812 887 895; baseline -0.001 -19"><span class='ocrx_word' id='word_1_11' title='bbox 61 816 196 877; x_wconf 87' lang='lat' dir='ltr'>fortuito</span> <span class='ocrx_word' id='word_1_12' title='bbox 222 834 341 895; x_wconf 85' lang='lat' dir='ltr'>magna</span> <span class='ocrx_word' id='word_1_13' title='bbox 365 812 582 893; x_wconf 85' lang='lat' dir='ltr'>discrepantia</span> <span class='ocrx_word' id='word_1_14' title='bbox 606 813 749 874; x_wconf 82' lang='lat' dir='ltr'>existere</span> <span class='ocrx_word' id='word_1_15' title='bbox 773 814 887 894; x_wconf 87' lang='lat' dir='ltr'>possit.</span> 
     </span>
     <span class='ocr_line' id='line_1_4' title="bbox 116 908 1292 988; baseline 0.004 -6"><span class='ocrx_word' id='word_1_16' title='bbox 116 944 167 988; x_wconf 85' lang='grc' dir='ltr'>ιο,</span> <span class='ocrx_word' id='word_1_17' title='bbox 200 929 333 983; x_wconf 82' lang='grc' dir='ltr'><em>τούτου.</em></span> <span class='ocrx_word' id='word_1_18' title='bbox 351 923 498 985; x_wconf 91' lang='lat' dir='ltr'>nondum</span> <span class='ocrx_word' id='word_1_19' title='bbox 517 924 694 985; x_wconf 90' lang='lat' dir='ltr'>nominavit</span> <span class='ocrx_word' id='word_1_20' title='bbox 707 908 1202 987; x_wconf 70' lang='lat' dir='ltr'>adversariumDemosthenes</span> <span class='ocrx_word' id='word_1_21' title='bbox 1215 946 1292 987; x_wconf 90' lang='lat' dir='ltr'>con-</span> 
     </span>
     <span class='ocr_line' id='line_1_5' title="bbox 60 1027 1291 1126; baseline 0.002 -29"><span class='ocrx_word' id='word_1_22' title='bbox 60 1046 111 1098; x_wconf 92' lang='lat' dir='ltr'>tra</span> <span class='ocrx_word' id='word_1_23' title='bbox 137 1056 266 1119; x_wconf 87' lang='lat' dir='ltr'>semper</span> <span class='ocrx_word' id='word_1_24' title='bbox 291 1055 412 1096; x_wconf 90' lang='lat' dir='ltr'>nomen</span> <span class='ocrx_word' id='word_1_25' title='bbox 437 1032 558 1095; x_wconf 92' lang='lat' dir='ltr'>indicat</span> <span class='ocrx_word' id='word_1_26' title='bbox 582 1034 673 1095; x_wconf 91' lang='lat' dir='ltr'>initio</span> <span class='ocrx_word' id='word_1_27' title='bbox 698 1027 853 1096; x_wconf 89' lang='lat' dir='ltr'>orationis</span> <span class='ocrx_word' id='word_1_28' title='bbox 876 1031 1098 1126; x_wconf 11' lang='lat' dir='ltr'>(18,3;A19,2;</span> <span class='ocrx_word' id='word_1_29' title='bbox 1120 1052 1192 1111; x_wconf 85' lang='lat'><em>20‚1</em></span> <span class='ocrx_word' id='word_1_30' title='bbox 1216 1035 1291 1122; x_wconf 84' lang='lat' dir='ltr'>cet).</span> 
     </span>
     <span class='ocr_line' id='line_1_6' title="bbox 116 1146 1291 1226; baseline 0.004 -22"><span class='ocrx_word' id='word_1_31' title='bbox 116 1164 166 1210; x_wconf 92' lang='lat'>10.</span> <span class='ocrx_word' id='word_1_32' title='bbox 215 1151 300 1205; x_wconf 75' lang='grc' dir='ltr'><em>κατὰ</em></span> <span class='ocrx_word' id='word_1_33' title='bbox 320 1149 400 1210; x_wconf 81' lang='grc' dir='ltr'><em>τοὺς</em></span> <span class='ocrx_word' id='word_1_34' title='bbox 422 1147 637 1216; x_wconf 75' lang='grc' dir='ltr'><em>ἐμπορικοὺς</em></span> <span class='ocrx_word' id='word_1_35' title='bbox 661 1151 801 1214; x_wconf 75' lang='grc' dir='ltr'><em>νόμους.</em></span> <span class='ocrx_word' id='word_1_36' title='bbox 852 1146 960 1226; x_wconf 87' lang='lat' dir='ltr'>Leges</span> <span class='ocrx_word' id='word_1_37' title='bbox 981 1149 1193 1208; x_wconf 84' lang='lat' dir='ltr'>mercatoriae</span> <span class='ocrx_word' id='word_1_38' title='bbox 1210 1156 1291 1209; x_wconf 91' lang='lat' dir='ltr'>tem-</span> 
     </span>
     <span class='ocr_line' id='line_1_7' title="bbox 10 1251 1291 1340; baseline -0.005 -20"><span class='ocrx_word' id='word_1_39' title='bbox 10 1251 12 1256; x_wconf 58' lang='grc'>’</span> <span class='ocrx_word' id='word_1_40' title='bbox 61 1279 125 1340; x_wconf 92' lang='lat' dir='ltr'>pus</span> <span class='ocrx_word' id='word_1_41' title='bbox 151 1278 216 1319; x_wconf 94' lang='lat' dir='ltr'>non</span> <span class='ocrx_word' id='word_1_42' title='bbox 240 1256 403 1331; x_wconf 87' lang='lat' dir='ltr'>tulerunt;</span> <span class='ocrx_word' id='word_1_43' title='bbox 430 1254 509 1336; x_wconf 94' lang='lat' dir='ltr'>quid</span> <span class='ocrx_word' id='word_1_44' title='bbox 535 1261 644 1316; x_wconf 85' lang='lat' dir='ltr'>autern</span> <span class='ocrx_word' id='word_1_45' title='bbox 670 1254 818 1317; x_wconf 91' lang='lat' dir='ltr'>iuberent</span> <span class='ocrx_word' id='word_1_46' title='bbox 842 1266 933 1338; x_wconf 87' lang='lat' dir='ltr'>patet</span> <span class='ocrx_word' id='word_1_47' title='bbox 958 1277 1000 1317; x_wconf 88' lang='lat' dir='ltr'>ex</span> <span class='ocrx_word' id='word_1_48' title='bbox 1028 1274 1090 1337; x_wconf 79' lang='lat'>32,</span> <span class='ocrx_word' id='word_1_49' title='bbox 1123 1263 1203 1319; x_wconf 67' lang='lat'>1:05</span> <span class='ocrx_word' id='word_1_50' title='bbox 1215 1266 1291 1328; x_wconf 51' lang='lat' dir='ltr'>vapos</span> 
     </span>
    </p>
   </div>
   <div class='ocr_carea' id='block_1_3' title="bbox 61 1368 1292 1446">
    <p class='ocr_par' dir='ltr' id='par_1_3' title="bbox 61 1368 1292 1446">
     <span class='ocr_line' id='line_1_8' title="bbox 61 1368 1292 1446; baseline 0 -20"><span class='ocrx_word' id='word_1_51' title='bbox 61 1373 200 1427; x_wconf 81' lang='grc' dir='ltr'><em>κελεύουσι</em></span> <span class='ocrx_word' id='word_1_52' title='bbox 225 1373 273 1432; x_wconf 82' lang='grc' dir='ltr'>τὰς</span> <span class='ocrx_word' id='word_1_53' title='bbox 301 1371 372 1431; x_wconf 81' lang='grc' dir='ltr'><em>δι’κας</em></span> <span class='ocrx_word' id='word_1_54' title='bbox 402 1368 467 1423; x_wconf 77' lang='grc' dir='ltr'><em>εἶιναι</em></span> <span class='ocrx_word' id='word_1_55' title='bbox 491 1373 544 1430; x_wconf 80' lang='grc' dir='ltr'><em>τοῖς</em></span> <span class='ocrx_word' id='word_1_56' title='bbox 574 1370 726 1441; x_wconf 69' lang='grc' dir='ltr'><em>ναυκλήροις</em></span> <span class='ocrx_word' id='word_1_57' title='bbox 749 1368 791 1423; x_wconf 82' lang='grc' dir='ltr'>καὶ</span> <span class='ocrx_word' id='word_1_58' title='bbox 810 1374 1013 1442; x_wconf 75' lang='grc' dir='ltr'><em>τοῐςέμιτιλροις</em></span> <span class='ocrx_word' id='word_1_59' title='bbox 1035 1382 1088 1426; x_wconf 76' lang='grc' dir='ltr'><em>τιον</em></span> <span class='ocrx_word' id='word_1_60' title='bbox 1106 1369 1230 1446; x_wconf 71' lang='grc' dir='ltr'><em>Ἀθήναξε</em></span> <span class='ocrx_word' id='word_1_61' title='bbox 1250 1370 1292 1426; x_wconf 82' lang='grc' dir='ltr'>καὶ</span> 
     </span>
    </p>
   </div>
   <div class='ocr_carea' id='block_1_4' title="bbox 61 1475 1292 1559">
    <p class='ocr_par' dir='ltr' id='par_1_4' title="bbox 61 1475 1292 1559">
     <span class='ocr_line' id='line_1_9' title="bbox 61 1475 1292 1559; baseline 0.011 -30"><span class='ocrx_word' id='word_1_62' title='bbox 61 1492 115 1538; x_wconf 60' lang='grc' dir='ltr'>τῶν</span> <span class='ocrx_word' id='word_1_63' title='bbox 141 1481 285 1555; x_wconf 63' lang='grc' dir='ltr'><em>Ἀθήνηθεν</em></span> <span class='ocrx_word' id='word_1_64' title='bbox 309 1481 479 1550; x_wconf 76' lang='grc' dir='ltr'><em>συμβολαίων</em></span> <span class='ocrx_word' id='word_1_65' title='bbox 504 1478 546 1533; x_wconf 76' lang='grc' dir='ltr'>καὶ</span> <span class='ocrx_word' id='word_1_66' title='bbox 573 1478 636 1551; x_wconf 77' lang='grc' dir='ltr'><em>περὶ</em></span> <span class='ocrx_word' id='word_1_67' title='bbox 663 1475 698 1534; x_wconf 80' lang='grc' dir='ltr'>ὦν</span> <span class='ocrx_word' id='word_1_68' title='bbox 725 1484 755 1533; x_wconf 86' lang='grc' dir='ltr'>ἂν</span> <span class='ocrx_word' id='word_1_69' title='bbox 781 1475 830 1535; x_wconf 79' lang='grc' dir='ltr'>ὦσι</span> <span class='ocrx_word' id='word_1_70' title='bbox 850 1484 1012 1554; x_wconf 62' lang='grc' dir='ltr'><em>συγγραφαί·</em></span> <span class='ocrx_word' id='word_1_71' title='bbox 1040 1499 1100 1559; x_wconf 76' lang='lat'>34,</span> <span class='ocrx_word' id='word_1_72' title='bbox 1128 1498 1190 1557; x_wconf 80' lang='lat'>42;</span> <span class='ocrx_word' id='word_1_73' title='bbox 1216 1480 1292 1542; x_wconf 83' lang='lat' dir='ltr'>Vide</span> 
     </span>
    </p>
   </div>
   <div class='ocr_carea' id='block_1_5' title="bbox 58 1591 1291 4544">
    <p class='ocr_par' dir='ltr' id='par_1_5' title="bbox 61 1591 430 1669">
     <span class='ocr_line' id='line_1_10' title="bbox 61 1591 430 1669; baseline -0.014 -16"><span class='ocrx_word' id='word_1_74' title='bbox 61 1592 143 1653; x_wconf 85' lang='lat' dir='ltr'>infra</span> <span class='ocrx_word' id='word_1_75' title='bbox 167 1591 209 1652; x_wconf 91' lang='lat' dir='ltr'>ad</span> <span class='ocrx_word' id='word_1_76' title='bbox 234 1593 267 1669; x_wconf 62' lang='grc' dir='ltr'>ξς</span> <span class='ocrx_word' id='word_1_77' title='bbox 297 1604 348 1668; x_wconf 80' lang='grc'>50.</span> <span class='ocrx_word' id='word_1_78' title='bbox 378 1601 430 1667; x_wconf 87' lang='grc'>51.</span> 
     </span>
    </p>

    <p class='ocr_par' dir='ltr' id='par_1_6' title="bbox 59 1699 1291 2224">
     <span class='ocr_line' id='line_1_11' title="bbox 115 1699 1291 1783; baseline 0.003 -24"><span class='ocrx_word' id='word_1_79' title='bbox 115 1720 166 1763; x_wconf 85' lang='grc' dir='ltr'>ΙΙ.</span> <span class='ocrx_word' id='word_1_80' title='bbox 215 1706 408 1774; x_wconf 78' lang='grc' dir='ltr'><em>(δανείσας)</em></span> <span class='ocrx_word' id='word_1_81' title='bbox 428 1702 476 1763; x_wconf 85' lang='grc' dir='ltr'><em>εἰς</em></span> <span class='ocrx_word' id='word_1_82' title='bbox 499 1704 556 1755; x_wconf 89' lang='grc' dir='ltr'>τδν</span> <span class='ocrx_word' id='word_1_83' title='bbox 579 1699 698 1755; x_wconf 85' lang='grc' dir='ltr'><em>Πόντον</em></span> <span class='ocrx_word' id='word_1_84' title='bbox 718 1701 772 1755; x_wconf 82' lang='grc' dir='ltr'>καὶ</span> <span class='ocrx_word' id='word_1_85' title='bbox 791 1705 888 1757; x_wconf 85' lang='grc' dir='ltr'><em>πάλιν</em></span> <span class='ocrx_word' id='word_1_86' title='bbox 907 1702 1071 1776; x_wconf 75' lang='grc' dir='ltr'><em>Ἀθήναζε</em></span> <span class='ocrx_word' id='word_1_87' title='bbox 1092 1701 1155 1783; x_wconf 82' lang='lat' dir='ltr'>(De</span> <span class='ocrx_word' id='word_1_88' title='bbox 1176 1723 1291 1783; x_wconf 82' lang='lat' dir='ltr'>praeg-</span> 
     </span>
     <span class='ocr_line' id='line_1_12' title="bbox 61 1808 1291 1898; baseline 0 -24"><span class='ocrx_word' id='word_1_89' title='bbox 61 1814 150 1875; x_wconf 85' lang='lat' dir='ltr'>nanti</span> <span class='ocrx_word' id='word_1_90' title='bbox 184 1812 427 1873; x_wconf 91' lang='lat' dir='ltr'>constructione</span> <span class='ocrx_word' id='word_1_91' title='bbox 452 1810 491 1871; x_wconf 83' lang='lat' dir='ltr'>ci.</span> <span class='ocrx_word' id='word_1_92' title='bbox 518 1809 662 1889; x_wconf 80' lang='lat' dir='ltr'>Kriiger.</span> <span class='ocrx_word' id='word_1_93' title='bbox 690 1808 835 1871; x_wconf 90' lang='lat' dir='ltr'>Gramm.</span> <span class='ocrx_word' id='word_1_94' title='bbox 863 1810 925 1885; x_wconf 80' lang='lat'>68,</span> <span class='ocrx_word' id='word_1_95' title='bbox 955 1829 1016 1888; x_wconf 90' lang='lat'>21,</span> <span class='ocrx_word' id='word_1_96' title='bbox 1043 1812 1088 1898; x_wconf 85' lang='lat'>4).</span> <span class='ocrx_word' id='word_1_97' title='bbox 1140 1813 1217 1874; x_wconf 93' lang='lat' dir='ltr'>Hoc</span> <span class='ocrx_word' id='word_1_98' title='bbox 1242 1821 1291 1874; x_wconf 91' lang='lat' dir='ltr'>est</span> 
     </span>
     <span class='ocr_line' id='line_1_13' title="bbox 61 1922 1290 2004; baseline -0.001 -19"><span class='ocrx_word' id='word_1_99' title='bbox 61 1923 153 2004; x_wconf 87' lang='lat' dir='ltr'>quod</span> <span class='ocrx_word' id='word_1_100' title='bbox 177 1931 314 1985; x_wconf 78' lang='lat' dir='ltr'>Vocatur</span> <span class='ocrx_word' id='word_1_101' title='bbox 338 1928 464 1989; x_wconf 76' lang='grc' dir='ltr'><em>δάνεισμα</em></span> <span class='ocrx_word' id='word_1_102' title='bbox 485 1925 727 1996; x_wconf 74' lang='grc' dir='ltr'><em>ἀμφοτερόπλουν,</em></span> <span class='ocrx_word' id='word_1_103' title='bbox 756 1922 808 1982; x_wconf 79' lang='lat' dir='ltr'>cui</span> <span class='ocrx_word' id='word_1_104' title='bbox 826 1924 1003 2002; x_wconf 77' lang='lat' dir='ltr'>opponitur</span> <span class='ocrx_word' id='word_1_105' title='bbox 1021 1931 1045 1982; x_wconf 91' lang='grc' dir='ltr'>δ.</span> <span class='ocrx_word' id='word_1_106' title='bbox 1065 1928 1243 1998; x_wconf 82' lang='grc' dir='ltr'><em>ἑτερόπλουν,</em></span> <span class='ocrx_word' id='word_1_107' title='bbox 1264 1925 1290 1984; x_wconf 83' lang='lat' dir='ltr'>Si</span> 
     </span>
     <span class='ocr_line' id='line_1_14' title="bbox 60 2030 1291 2115; baseline -0.001 -20"><span class='ocrx_word' id='word_1_108' title='bbox 60 2035 202 2115; x_wconf 91' lang='lat' dir='ltr'>pecunia</span> <span class='ocrx_word' id='word_1_109' title='bbox 234 2040 349 2094; x_wconf 85' lang='lat' dir='ltr'>mutua</span> <span class='ocrx_word' id='word_1_110' title='bbox 382 2031 477 2093; x_wconf 87' lang='lat' dir='ltr'>datur</span> <span class='ocrx_word' id='word_1_111' title='bbox 511 2052 578 2112; x_wconf 89' lang='lat' dir='ltr'>qua</span> <span class='ocrx_word' id='word_1_112' title='bbox 602 2040 732 2112; x_wconf 88' lang='lat' dir='ltr'>emptae</span> <span class='ocrx_word' id='word_1_113' title='bbox 758 2051 883 2092; x_wconf 88' lang='lat' dir='ltr'>merces</span> <span class='ocrx_word' id='word_1_114' title='bbox 909 2030 1291 2114; x_wconf 84' lang='lat' dir='ltr'>Athenisexportentur</span> 
     </span>
     <span class='ocr_line' id='line_1_15' title="bbox 59 2141 1124 2224; baseline -0.001 -18"><span class='ocrx_word' id='word_1_115' title='bbox 59 2152 206 2219; x_wconf 82' lang='lat' dir='ltr'>tantum,</span> <span class='ocrx_word' id='word_1_116' title='bbox 232 2142 399 2204; x_wconf 88' lang='lat' dir='ltr'>reddenda</span> <span class='ocrx_word' id='word_1_117' title='bbox 423 2150 499 2224; x_wconf 91' lang='lat' dir='ltr'>post</span> <span class='ocrx_word' id='word_1_118' title='bbox 523 2141 700 2203; x_wconf 86' lang='lat' dir='ltr'>adventurn</span> <span class='ocrx_word' id='word_1_119' title='bbox 727 2141 758 2201; x_wconf 92' lang='lat' dir='ltr'>in</span> <span class='ocrx_word' id='word_1_120' title='bbox 783 2149 915 2223; x_wconf 88' lang='lat' dir='ltr'>portum</span> <span class='ocrx_word' id='word_1_121' title='bbox 941 2152 1124 2205; x_wconf 86' lang='lat' dir='ltr'>externum.</span> 
     </span>
    </p>

    <p class='ocr_par' dir='ltr' id='par_1_7' title="bbox 58 2251 1290 3774">
     <span class='ocr_line' id='line_1_16' title="bbox 114 2251 1290 2335; baseline 0.001 -20"><span class='ocrx_word' id='word_1_122' title='bbox 114 2271 164 2316; x_wconf 86' lang='lat'>12.</span> <span class='ocrx_word' id='word_1_123' title='bbox 214 2256 291 2329; x_wconf 76' lang='grc' dir='ltr'><em>πρὶν</em></span> <span class='ocrx_word' id='word_1_124' title='bbox 312 2260 518 2313; x_wconf 62' lang='lat' dir='ltr'>deonorum:</span> <span class='ocrx_word' id='word_1_125' title='bbox 546 2273 611 2313; x_wconf 94' lang='lat' dir='ltr'>non</span> <span class='ocrx_word' id='word_1_126' title='bbox 636 2251 762 2313; x_wconf 88' lang='lat' dir='ltr'>reddita</span> <span class='ocrx_word' id='word_1_127' title='bbox 786 2255 935 2333; x_wconf 89' lang='lat' dir='ltr'>pecunia.</span> <span class='ocrx_word' id='word_1_128' title='bbox 987 2254 1116 2315; x_wconf 90' lang='lat' dir='ltr'>Dicitur</span> <span class='ocrx_word' id='word_1_129' title='bbox 1141 2254 1183 2315; x_wconf 92' lang='lat' dir='ltr'>ibi</span> <span class='ocrx_word' id='word_1_130' title='bbox 1209 2275 1290 2335; x_wconf 92' lang='lat' dir='ltr'>quo-</span> 
     </span>
     <span class='ocr_line' id='line_1_17' title="bbox 60 2363 1288 2447; baseline -0.001 -21"><span class='ocrx_word' id='word_1_131' title='bbox 60 2387 128 2447; x_wconf 93' lang='lat' dir='ltr'>que</span> <span class='ocrx_word' id='word_1_132' title='bbox 152 2369 212 2438; x_wconf 66' lang='grc' dir='ltr'><em>πριΐν</em></span> <span class='ocrx_word' id='word_1_133' title='bbox 237 2365 291 2426; x_wconf 94' lang='lat' dir='ltr'>ubi</span> <span class='ocrx_word' id='word_1_134' title='bbox 317 2364 407 2445; x_wconf 91' lang='lat' dir='ltr'>quod</span> <span class='ocrx_word' id='word_1_135' title='bbox 433 2364 580 2443; x_wconf 91' lang='lat' dir='ltr'>sequitur</span> <span class='ocrx_word' id='word_1_136' title='bbox 604 2383 739 2443; x_wconf 90' lang='lat' dir='ltr'>prorsus</span> <span class='ocrx_word' id='word_1_137' title='bbox 764 2383 830 2424; x_wconf 93' lang='lat' dir='ltr'>non</span> <span class='ocrx_word' id='word_1_138' title='bbox 855 2363 907 2424; x_wconf 85' lang='lat' dir='ltr'>fit:</span> <span class='ocrx_word' id='word_1_139' title='bbox 937 2380 996 2440; x_wconf 89' lang='lat'>20,</span> <span class='ocrx_word' id='word_1_140' title='bbox 1029 2377 1111 2443; x_wconf 80' lang='lat'>145;</span> <span class='ocrx_word' id='word_1_141' title='bbox 1133 2382 1190 2442; x_wconf 86' lang='lat'>24,</span> <span class='ocrx_word' id='word_1_142' title='bbox 1216 2382 1288 2444; x_wconf 87' lang='lat'>109.</span> 
     </span>
     <span class='ocr_line' id='line_1_18' title="bbox 61 2475 1288 2559; baseline 0.001 -23"><span class='ocrx_word' id='word_1_143' title='bbox 61 2477 148 2538; x_wconf 90' lang='lat' dir='ltr'>Xen.</span> <span class='ocrx_word' id='word_1_144' title='bbox 175 2475 284 2537; x_wconf 87' lang='lat' dir='ltr'>Anab.</span> <span class='ocrx_word' id='word_1_145' title='bbox 310 2493 349 2552; x_wconf 78' lang='lat'>4,</span> <span class='ocrx_word' id='word_1_146' title='bbox 379 2493 416 2554; x_wconf 82' lang='lat'>3,</span> <span class='ocrx_word' id='word_1_147' title='bbox 449 2491 505 2559; x_wconf 54' lang='lat'>¹2}</span> <span class='ocrx_word' id='word_1_148' title='bbox 534 2480 652 2549; x_wconf 78' lang='grc' dir='ltr'><em>διαβῆναι</em></span> <span class='ocrx_word' id='word_1_149' title='bbox 672 2476 732 2548; x_wconf 79' lang='grc' dir='ltr'>πρὶν</span> <span class='ocrx_word' id='word_1_150' title='bbox 752 2479 852 2547; x_wconf 73' lang='grc' dir='ltr'><em>βρέξαι</em></span> <span class='ocrx_word' id='word_1_151' title='bbox 872 2480 904 2532; x_wconf 77' lang='grc' dir='ltr'>τὰ</span> <span class='ocrx_word' id='word_1_152' title='bbox 926 2479 1022 2533; x_wconf 79' lang='grc' dir='ltr'><em>αἰδοῖα.</em></span> <span class='ocrx_word' id='word_1_153' title='bbox 1072 2476 1163 2537; x_wconf 90' lang='lat' dir='ltr'>Plato</span> <span class='ocrx_word' id='word_1_154' title='bbox 1186 2475 1288 2537; x_wconf 91' lang='lat' dir='ltr'>Lach.</span> 
     </span>
     <span class='ocr_line' id='line_1_19' title="bbox 65 2584 1287 2665; baseline 0.003 -22"><span class='ocrx_word' id='word_1_155' title='bbox 65 2589 131 2649; x_wconf 87' lang='lat'>180</span> <span class='ocrx_word' id='word_1_156' title='bbox 157 2587 203 2648; x_wconf 80' lang='lat' dir='ltr'>E:</span> <span class='ocrx_word' id='word_1_157' title='bbox 230 2593 365 2661; x_wconf 84' lang='grc' dir='ltr'><em>πρότερον</em></span> <span class='ocrx_word' id='word_1_158' title='bbox 384 2589 543 2660; x_wconf 77' lang='grc' dir='ltr'><em>ἐτελεύτησε</em></span> <span class='ocrx_word' id='word_1_159' title='bbox 563 2590 624 2658; x_wconf 80' lang='grc' dir='ltr'><em>πρίν</em></span> <span class='ocrx_word' id='word_1_160' title='bbox 644 2589 675 2642; x_wconf 85' lang='grc' dir='ltr'>τί</span> <span class='ocrx_word' id='word_1_161' title='bbox 689 2591 747 2654; x_wconf 78' lang='grc' dir='ltr'><em>ἐμοι</em></span> <span class='ocrx_word' id='word_1_162' title='bbox 768 2592 942 2662; x_wconf 68' lang='grc' dir='ltr'><em>διενεχθῆναι.</em></span> <span class='ocrx_word' id='word_1_163' title='bbox 971 2584 1129 2648; x_wconf 79' lang='lat' dir='ltr'>Aeschin.</span> <span class='ocrx_word' id='word_1_164' title='bbox 1147 2604 1181 2665; x_wconf 81' lang='lat'>3,</span> <span class='ocrx_word' id='word_1_165' title='bbox 1204 2599 1265 2665; x_wconf 80' lang='lat'>235</span> <span class='ocrx_word' id='word_1_166' title='bbox 1280 2636 1287 2661; x_wconf 93' lang='lat'>,</span> 
     </span>
     <span class='ocr_line' id='line_1_20' title="bbox 59 2695 1287 2779; baseline -0.002 -20"><span class='ocrx_word' id='word_1_167' title='bbox 59 2706 123 2759; x_wconf 91' lang='lat' dir='ltr'>cet.</span> <span class='ocrx_word' id='word_1_168' title='bbox 159 2695 311 2760; x_wconf 88' lang='lat' dir='ltr'>Gebauer</span> <span class='ocrx_word' id='word_1_169' title='bbox 343 2696 499 2779; x_wconf 87' lang='lat' dir='ltr'>Append.</span> <span class='ocrx_word' id='word_1_170' title='bbox 534 2696 575 2756; x_wconf 91' lang='lat' dir='ltr'>ad</span> <span class='ocrx_word' id='word_1_171' title='bbox 611 2696 690 2775; x_wconf 92' lang='lat' dir='ltr'>Lys.</span> <span class='ocrx_word' id='word_1_172' title='bbox 722 2713 778 2769; x_wconf 89' lang='lat'>12,</span> <span class='ocrx_word' id='word_1_173' title='bbox 811 2710 861 2772; x_wconf 89' lang='lat'>17.</span> <span class='ocrx_word' id='word_1_174' title='bbox 911 2697 1008 2771; x_wconf 76' lang='grc' dir='ltr'><em>πρὶνῆ</em></span> <span class='ocrx_word' id='word_1_175' title='bbox 1032 2695 1132 2778; x_wconf 90' lang='lat' dir='ltr'>(apud</span> <span class='ocrx_word' id='word_1_176' title='bbox 1161 2696 1287 2758; x_wconf 90' lang='lat' dir='ltr'>Herod.</span> 
     </span>
     <span class='ocr_line' id='line_1_21' title="bbox 64 2790 1288 2890; baseline -0.001 -21"><span class='ocrx_word' id='word_1_177' title='bbox 64 2826 99 2883; x_wconf 87' lang='lat'>1,</span> <span class='ocrx_word' id='word_1_178' title='bbox 134 2826 174 2887; x_wconf 89' lang='lat'>19</span> <span class='ocrx_word' id='word_1_179' title='bbox 207 2816 258 2869; x_wconf 91' lang='lat' dir='ltr'>cet</span> <span class='ocrx_word' id='word_1_180' title='bbox 287 2805 452 2890; x_wconf 87' lang='lat' dir='ltr'>frequens)</span> <span class='ocrx_word' id='word_1_181' title='bbox 478 2806 593 2868; x_wconf 88' lang='lat' dir='ltr'>Elmsl.</span> <span class='ocrx_word' id='word_1_182' title='bbox 620 2806 660 2868; x_wconf 90' lang='lat' dir='ltr'>ad</span> <span class='ocrx_word' id='word_1_183' title='bbox 688 2805 778 2868; x_wconf 91' lang='lat' dir='ltr'>Med.</span> <span class='ocrx_word' id='word_1_184' title='bbox 808 2819 869 2885; x_wconf 84' lang='lat'>215</span> <span class='ocrx_word' id='word_1_185' title='bbox 899 2805 1050 2867; x_wconf 92' lang='lat' dir='ltr'>concedit</span> <span class='ocrx_word' id='word_1_186' title='bbox 1075 2790 1288 2888; x_wconf 84' lang='lat' dir='ltr'>scriptoribus</span> 
     </span>
     <span class='ocr_line' id='line_1_22' title="bbox 59 2915 1287 2999; baseline -0.001 -20"><span class='ocrx_word' id='word_1_187' title='bbox 59 2938 179 2999; x_wconf 92' lang='lat' dir='ltr'>prosae</span> <span class='ocrx_word' id='word_1_188' title='bbox 211 2919 376 2980; x_wconf 80' lang='lat' dir='ltr'>orationis,</span> <span class='ocrx_word' id='word_1_189' title='bbox 428 2918 567 2999; x_wconf 87' lang='lat' dir='ltr'>Magnas</span> <span class='ocrx_word' id='word_1_190' title='bbox 596 2915 660 2978; x_wconf 92' lang='lat' dir='ltr'>hoc</span> <span class='ocrx_word' id='word_1_191' title='bbox 686 2917 842 2978; x_wconf 92' lang='lat' dir='ltr'>iudicium</span> <span class='ocrx_word' id='word_1_192' title='bbox 868 2917 1088 2978; x_wconf 89' lang='lat' dir='ltr'>dissensiones</span> <span class='ocrx_word' id='word_1_193' title='bbox 1114 2919 1287 2992; x_wconf 86' lang='lat' dir='ltr'>excitavit;</span> 
     </span>
     <span class='ocr_line' id='line_1_23' title="bbox 58 3007 1287 3110; baseline 0 -20"><span class='ocrx_word' id='word_1_194' title='bbox 58 3038 182 3110; x_wconf 82' lang='lat' dir='ltr'>negant</span> <span class='ocrx_word' id='word_1_195' title='bbox 215 3028 361 3090; x_wconf 83' lang='lat' dir='ltr'>Dindorf</span> <span class='ocrx_word' id='word_1_196' title='bbox 386 3050 419 3110; x_wconf 94' lang='lat' dir='ltr'>p.</span> <span class='ocrx_word' id='word_1_197' title='bbox 446 3027 496 3089; x_wconf 86' lang='lat' dir='ltr'>IV</span> <span class='ocrx_word' id='word_1_198' title='bbox 520 3007 597 3089; x_wconf 80' lang='lat' dir='ltr'>edit.</span> <span class='ocrx_word' id='word_1_199' title='bbox 625 3028 734 3108; x_wconf 81' lang='lat' dir='ltr'>Lips.;</span> <span class='ocrx_word' id='word_1_200' title='bbox 761 3027 859 3109; x_wconf 81' lang='lat' dir='ltr'>praef.</span> <span class='ocrx_word' id='word_1_201' title='bbox 885 3027 926 3089; x_wconf 91' lang='lat' dir='ltr'>ad</span> <span class='ocrx_word' id='word_1_202' title='bbox 953 3028 1054 3089; x_wconf 91' lang='lat' dir='ltr'>Isocr.</span> <span class='ocrx_word' id='word_1_203' title='bbox 1082 3027 1131 3104; x_wconf 80' lang='lat' dir='ltr'>V;</span> <span class='ocrx_word' id='word_1_204' title='bbox 1159 3026 1287 3090; x_wconf 87' lang='lat' dir='ltr'>Comm.</span> 
     </span>
     <span class='ocr_line' id='line_1_24' title="bbox 58 3137 1287 3221; baseline -0.002 -20"><span class='ocrx_word' id='word_1_205' title='bbox 58 3140 100 3201; x_wconf 91' lang='lat' dir='ltr'>ad</span> <span class='ocrx_word' id='word_1_206' title='bbox 126 3137 298 3220; x_wconf 87' lang='lat' dir='ltr'>Aristoph.</span> <span class='ocrx_word' id='word_1_207' title='bbox 325 3138 363 3201; x_wconf 91' lang='lat' dir='ltr'>T.</span> <span class='ocrx_word' id='word_1_208' title='bbox 390 3139 450 3200; x_wconf 90' lang='lat' dir='ltr'>VI.</span> <span class='ocrx_word' id='word_1_209' title='bbox 477 3159 508 3220; x_wconf 94' lang='lat' dir='ltr'>p.</span> <span class='ocrx_word' id='word_1_210' title='bbox 536 3138 622 3215; x_wconf 77' lang='lat'><strong>6043</strong></span> <span class='ocrx_word' id='word_1_211' title='bbox 650 3137 805 3199; x_wconf 90' lang='lat' dir='ltr'>Benseler</span> <span class='ocrx_word' id='word_1_212' title='bbox 829 3139 927 3220; x_wconf 88' lang='lat' dir='ltr'>praef.</span> <span class='ocrx_word' id='word_1_213' title='bbox 952 3140 994 3200; x_wconf 94' lang='lat' dir='ltr'>ad</span> <span class='ocrx_word' id='word_1_214' title='bbox 1013 3139 1097 3201; x_wconf 89' lang='lat' dir='ltr'>Isoc.</span> <span class='ocrx_word' id='word_1_215' title='bbox 1116 3160 1148 3221; x_wconf 95' lang='lat' dir='ltr'>p.</span> <span class='ocrx_word' id='word_1_216' title='bbox 1168 3139 1287 3213; x_wconf 89' lang='lat' dir='ltr'>XXX,</span> 
     </span>
     <span class='ocr_line' id='line_1_25' title="bbox 60 3248 1287 3330; baseline -0.002 -19"><span class='ocrx_word' id='word_1_217' title='bbox 60 3268 90 3330; x_wconf 87' lang='lat'>3.</span> <span class='ocrx_word' id='word_1_218' title='bbox 143 3250 251 3312; x_wconf 90' lang='lat' dir='ltr'>Baiter</span> <span class='ocrx_word' id='word_1_219' title='bbox 274 3251 316 3311; x_wconf 89' lang='lat' dir='ltr'>ad</span> <span class='ocrx_word' id='word_1_220' title='bbox 342 3250 442 3313; x_wconf 93' lang='lat' dir='ltr'>Isocr.</span> <span class='ocrx_word' id='word_1_221' title='bbox 469 3268 508 3328; x_wconf 87' lang='lat'>4,</span> <span class='ocrx_word' id='word_1_222' title='bbox 536 3269 575 3329; x_wconf 79' lang='lat'>93</span> <span class='ocrx_word' id='word_1_223' title='bbox 601 3248 763 3311; x_wconf 86' lang='lat' dir='ltr'>affirmant</span> <span class='ocrx_word' id='word_1_224' title='bbox 788 3257 901 3311; x_wconf 91' lang='lat' dir='ltr'>contra</span> <span class='ocrx_word' id='word_1_225' title='bbox 920 3250 1066 3311; x_wconf 70' lang='lat' dir='ltr'>Matzner</span> <span class='ocrx_word' id='word_1_226' title='bbox 1082 3250 1124 3311; x_wconf 88' lang='lat' dir='ltr'>ad</span> <span class='ocrx_word' id='word_1_227' title='bbox 1142 3251 1287 3330; x_wconf 83' lang='lat' dir='ltr'>Lycurg.</span> 
     </span>
     <span class='ocr_line' id='line_1_26' title="bbox 65 3358 1286 3442; baseline 0.002 -22"><span class='ocrx_word' id='word_1_228' title='bbox 65 3362 139 3422; x_wconf 86' lang='lat'>128.</span> <span class='ocrx_word' id='word_1_229' title='bbox 165 3382 197 3439; x_wconf 92' lang='lat' dir='ltr'>p.</span> <span class='ocrx_word' id='word_1_230' title='bbox 226 3374 309 3440; x_wconf 87' lang='lat'>295;</span> <span class='ocrx_word' id='word_1_231' title='bbox 337 3362 453 3442; x_wconf 93' lang='lat' dir='ltr'>Poppo</span> <span class='ocrx_word' id='word_1_232' title='bbox 477 3361 519 3422; x_wconf 94' lang='lat' dir='ltr'>ad</span> <span class='ocrx_word' id='word_1_233' title='bbox 544 3360 648 3422; x_wconf 88' lang='lat' dir='ltr'>Thuc.</span> <span class='ocrx_word' id='word_1_234' title='bbox 679 3373 715 3439; x_wconf 84' lang='lat'>5,</span> <span class='ocrx_word' id='word_1_235' title='bbox 742 3359 805 3435; x_wconf 80' lang='lat'>61,</span> <span class='ocrx_word' id='word_1_236' title='bbox 838 3358 1064 3435; x_wconf 87' lang='lat' dir='ltr'>1;Rehdantz</span> <span class='ocrx_word' id='word_1_237' title='bbox 1081 3361 1122 3422; x_wconf 91' lang='lat' dir='ltr'>ad</span> <span class='ocrx_word' id='word_1_238' title='bbox 1141 3361 1286 3441; x_wconf 82' lang='lat' dir='ltr'>Lycurg.</span> 
     </span>
     <span class='ocr_line' id='line_1_27' title="bbox 65 3470 1286 3552; baseline 0 -20"><span class='ocrx_word' id='word_1_239' title='bbox 65 3472 128 3532; x_wconf 85' lang='lat'>128</span> <span class='ocrx_word' id='word_1_240' title='bbox 140 3493 147 3546; x_wconf 90' lang='lat'>;</span> <span class='ocrx_word' id='word_1_241' title='bbox 183 3471 321 3532; x_wconf 78' lang='lat' dir='ltr'>Kuhner</span> <span class='ocrx_word' id='word_1_242' title='bbox 355 3470 500 3532; x_wconf 90' lang='lat' dir='ltr'>Gramm.</span> <span class='ocrx_word' id='word_1_243' title='bbox 537 3472 581 3532; x_wconf 92' lang='lat' dir='ltr'>II.</span> <span class='ocrx_word' id='word_1_244' title='bbox 616 3492 647 3552; x_wconf 94' lang='lat' dir='ltr'>p.</span> <span class='ocrx_word' id='word_1_245' title='bbox 683 3489 786 3551; x_wconf 84' lang='lat' dir='ltr'>949c,</span> <span class='ocrx_word' id='word_1_246' title='bbox 823 3491 1023 3552; x_wconf 88' lang='lat' dir='ltr'>quamquam</span> <span class='ocrx_word' id='word_1_247' title='bbox 1049 3490 1164 3532; x_wconf 89' lang='lat' dir='ltr'>omnes</span> <span class='ocrx_word' id='word_1_248' title='bbox 1191 3472 1286 3546; x_wconf 91' lang='lat' dir='ltr'>dant,</span> 
     </span>
     <span class='ocr_line' id='line_1_28' title="bbox 59 3579 1290 3662; baseline 0.001 -20"><span class='ocrx_word' id='word_1_249' title='bbox 59 3581 149 3662; x_wconf 90' lang='lat' dir='ltr'>apud</span> <span class='ocrx_word' id='word_1_250' title='bbox 174 3583 374 3662; x_wconf 90' lang='lat' dir='ltr'>antiquiores</span> <span class='ocrx_word' id='word_1_251' title='bbox 399 3582 531 3643; x_wconf 88' lang='lat' dir='ltr'>Atticos</span> <span class='ocrx_word' id='word_1_252' title='bbox 557 3580 644 3642; x_wconf 94' lang='lat' dir='ltr'>hunc</span> <span class='ocrx_word' id='word_1_253' title='bbox 670 3602 767 3642; x_wconf 90' lang='lat' dir='ltr'>usum</span> <span class='ocrx_word' id='word_1_254' title='bbox 792 3602 864 3643; x_wconf 90' lang='lat' dir='ltr'>esse</span> <span class='ocrx_word' id='word_1_255' title='bbox 882 3583 1093 3643; x_wconf 88' lang='lat' dir='ltr'>rarissimum.</span> <span class='ocrx_word' id='word_1_256' title='bbox 1136 3579 1290 3643; x_wconf 79' lang='lat' dir='ltr'>Schaeier</span> 
     </span>
     <span class='ocr_line' id='line_1_29' title="bbox 60 3691 1123 3774; baseline 0.001 -22"><span class='ocrx_word' id='word_1_257' title='bbox 60 3691 186 3754; x_wconf 75' lang='lat' dir='ltr'>Annot.</span> <span class='ocrx_word' id='word_1_258' title='bbox 212 3693 253 3753; x_wconf 91' lang='lat' dir='ltr'>ad</span> <span class='ocrx_word' id='word_1_259' title='bbox 281 3694 345 3769; x_wconf 85' lang='lat'>20‚&#39;</span> <span class='ocrx_word' id='word_1_260' title='bbox 367 3714 399 3774; x_wconf 94' lang='lat' dir='ltr'>p.</span> <span class='ocrx_word' id='word_1_261' title='bbox 426 3691 494 3770; x_wconf 82' lang='lat'>486</span> <span class='ocrx_word' id='word_1_262' title='bbox 519 3714 549 3755; x_wconf 94' lang='lat' dir='ltr'>v.</span> <span class='ocrx_word' id='word_1_263' title='bbox 581 3710 617 3771; x_wconf 90' lang='lat'>13</span> <span class='ocrx_word' id='word_1_264' title='bbox 646 3692 755 3767; x_wconf 88' lang='lat' dir='ltr'>reicit;</span> <span class='ocrx_word' id='word_1_265' title='bbox 783 3712 881 3773; x_wconf 90' lang='lat' dir='ltr'>quem</span> <span class='ocrx_word' id='word_1_266' title='bbox 907 3694 1000 3773; x_wconf 88' lang='lat' dir='ltr'>sequi</span> <span class='ocrx_word' id='word_1_267' title='bbox 1027 3693 1123 3754; x_wconf 85' lang='lat' dir='ltr'>maio.</span> 
     </span>
    </p>

    <p class='ocr_par' dir='ltr' id='par_1_8' title="bbox 61 3803 1288 4215">
     <span class='ocr_line' id='line_1_30' title="bbox 115 3803 1287 3884; baseline 0.001 -21"><span class='ocrx_word' id='word_1_268' title='bbox 115 3819 164 3865; x_wconf 90' lang='lat'>12.</span> <span class='ocrx_word' id='word_1_269' title='bbox 215 3804 369 3876; x_wconf 78' lang='grc' dir='ltr'><em>Λακρίτῳ</em></span> <span class='ocrx_word' id='word_1_270' title='bbox 397 3807 532 3878; x_wconf 82' lang='grc' dir='ltr'><em>τουτῳί.</em></span> <span class='ocrx_word' id='word_1_271' title='bbox 583 3803 660 3864; x_wconf 93' lang='lat' dir='ltr'>Non</span> <span class='ocrx_word' id='word_1_272' title='bbox 688 3823 761 3864; x_wconf 86' lang='lat' dir='ltr'>raro</span> <span class='ocrx_word' id='word_1_273' title='bbox 787 3805 883 3860; x_wconf 70' lang='grc' dir='ltr'><em>οὑτοσί</em></span> <span class='ocrx_word' id='word_1_274' title='bbox 902 3804 1035 3884; x_wconf 92' lang='lat' dir='ltr'>ponitur</span> <span class='ocrx_word' id='word_1_275' title='bbox 1059 3812 1133 3865; x_wconf 90' lang='lat' dir='ltr'>ante</span> <span class='ocrx_word' id='word_1_276' title='bbox 1158 3824 1287 3864; x_wconf 88' lang='lat' dir='ltr'>nomen.</span> 
     </span>
     <span class='ocr_line' id='line_1_31' title="bbox 61 3910 1287 3994; baseline 0.001 -21"><span class='ocrx_word' id='word_1_277' title='bbox 61 3913 100 3973; x_wconf 84' lang='lat' dir='ltr'>cf.</span> <span class='ocrx_word' id='word_1_278' title='bbox 128 3910 251 3986; x_wconf 87' lang='lat' dir='ltr'>Cobet,</span> <span class='ocrx_word' id='word_1_279' title='bbox 278 3912 320 3974; x_wconf 90' lang='lat' dir='ltr'>V.</span> <span class='ocrx_word' id='word_1_280' title='bbox 349 3912 386 3974; x_wconf 95' lang='lat' dir='ltr'>L.</span> <span class='ocrx_word' id='word_1_281' title='bbox 413 3932 444 3994; x_wconf 91' lang='lat' dir='ltr'>p.</span> <span class='ocrx_word' id='word_1_282' title='bbox 475 3929 550 3992; x_wconf 86' lang='lat'>229.</span> <span class='ocrx_word' id='word_1_283' title='bbox 587 3913 628 3974; x_wconf 94' lang='lat' dir='ltr'>N.</span> <span class='ocrx_word' id='word_1_284' title='bbox 657 3914 695 3975; x_wconf 92' lang='lat' dir='ltr'>L.</span> <span class='ocrx_word' id='word_1_285' title='bbox 722 3935 753 3994; x_wconf 96' lang='lat' dir='ltr'>p.</span> <span class='ocrx_word' id='word_1_286' title='bbox 780 3913 858 3993; x_wconf 80' lang='lat'>629.</span> <span class='ocrx_word' id='word_1_287' title='bbox 893 3913 991 3974; x_wconf 91' lang='lat' dir='ltr'>Dem.</span> <span class='ocrx_word' id='word_1_288' title='bbox 1024 3915 1162 3989; x_wconf 83' lang='lat'>18,114;</span> <span class='ocrx_word' id='word_1_289' title='bbox 1196 3931 1287 3992; x_wconf 84' lang='lat'>19‚2;</span> 
     </span>
     <span class='ocr_line' id='line_1_32' title="bbox 64 4022 1288 4101; baseline 0.001 -18"><span class='ocrx_word' id='word_1_290' title='bbox 64 4022 184 4101; x_wconf 83' lang='lat'>33,16;</span> <span class='ocrx_word' id='word_1_291' title='bbox 220 4039 318 4099; x_wconf 85' lang='lat'>42,1;</span> <span class='ocrx_word' id='word_1_292' title='bbox 353 4030 414 4083; x_wconf 90' lang='lat' dir='ltr'>cet.</span> <span class='ocrx_word' id='word_1_293' title='bbox 467 4023 556 4084; x_wconf 90' lang='lat' dir='ltr'>Raro</span> <span class='ocrx_word' id='word_1_294' title='bbox 590 4029 638 4081; x_wconf 79' lang='grc' dir='ltr'>ὁδί</span> <span class='ocrx_word' id='word_1_295' title='bbox 664 4025 806 4084; x_wconf 92' lang='lat' dir='ltr'>occurrit</span> <span class='ocrx_word' id='word_1_296' title='bbox 839 4023 880 4084; x_wconf 94' lang='lat' dir='ltr'>de</span> <span class='ocrx_word' id='word_1_297' title='bbox 912 4023 1116 4085; x_wconf 90' lang='lat' dir='ltr'>adversario:</span> <span class='ocrx_word' id='word_1_298' title='bbox 1148 4024 1288 4101; x_wconf 87' lang='lat'>18,207;</span> 
     </span>
     <span class='ocr_line' id='line_1_33' title="bbox 61 4128 1288 4215; baseline 0.002 -23"><span class='ocrx_word' id='word_1_299' title='bbox 61 4132 176 4213; x_wconf 83' lang='lat'>43,26.</span> <span class='ocrx_word' id='word_1_300' title='bbox 204 4133 241 4193; x_wconf 93' lang='lat' dir='ltr'>In</span> <span class='ocrx_word' id='word_1_301' title='bbox 260 4132 410 4193; x_wconf 88' lang='lat' dir='ltr'>Lacritea</span> <span class='ocrx_word' id='word_1_302' title='bbox 427 4153 556 4214; x_wconf 89' lang='lat' dir='ltr'>semper</span> <span class='ocrx_word' id='word_1_303' title='bbox 573 4135 643 4195; x_wconf 91' lang='lat' dir='ltr'>eius</span> <span class='ocrx_word' id='word_1_304' title='bbox 661 4135 782 4195; x_wconf 90' lang='lat' dir='ltr'>nomini</span> <span class='ocrx_word' id='word_1_305' title='bbox 800 4128 930 4195; x_wconf 86' lang='lat' dir='ltr'>additur</span> <span class='ocrx_word' id='word_1_306' title='bbox 943 4138 1046 4209; x_wconf 76' lang='grc' dir='ltr'>οὑτοσί,</span> <span class='ocrx_word' id='word_1_307' title='bbox 1062 4137 1218 4215; x_wconf 82' lang='lat' dir='ltr'>praeter§</span> <span class='ocrx_word' id='word_1_308' title='bbox 1235 4151 1288 4213; x_wconf 87' lang='lat'>31.</span> 
     </span>
    </p>

    <p class='ocr_par' dir='ltr' id='par_1_9' title="bbox 60 4243 1289 4544">
     <span class='ocr_line' id='line_1_34' title="bbox 115 4243 1289 4324; baseline 0.002 -20"><span class='ocrx_word' id='word_1_309' title='bbox 115 4261 163 4320; x_wconf 81' lang='lat'>13.</span> <span class='ocrx_word' id='word_1_310' title='bbox 213 4245 336 4320; x_wconf 81' lang='grc' dir='ltr'><em>εἴληχα</em></span> <span class='ocrx_word' id='word_1_311' title='bbox 374 4245 529 4324; x_wconf 89' lang='lat' dir='ltr'>quoniam</span> <span class='ocrx_word' id='word_1_312' title='bbox 567 4252 654 4305; x_wconf 92' lang='lat' dir='ltr'>sorte</span> <span class='ocrx_word' id='word_1_313' title='bbox 692 4243 887 4305; x_wconf 87' lang='lat' dir='ltr'>diiudicatur</span> <span class='ocrx_word' id='word_1_314' title='bbox 925 4264 991 4324; x_wconf 93' lang='lat' dir='ltr'>quo</span> <span class='ocrx_word' id='word_1_315' title='bbox 1025 4245 1138 4306; x_wconf 89' lang='lat' dir='ltr'>ordine</span> <span class='ocrx_word' id='word_1_316' title='bbox 1172 4265 1289 4306; x_wconf 89' lang='lat' dir='ltr'>causae</span> 
     </span>
     <span class='ocr_line' id='line_1_35' title="bbox 61 4351 1289 4436; baseline -0.003 -21"><span class='ocrx_word' id='word_1_317' title='bbox 61 4356 125 4416; x_wconf 93' lang='lat' dir='ltr'>sint</span> <span class='ocrx_word' id='word_1_318' title='bbox 149 4354 306 4435; x_wconf 86' lang='lat' dir='ltr'>agendae.</span> <span class='ocrx_word' id='word_1_319' title='bbox 347 4351 706 4436; x_wconf 88' lang='lat' dir='ltr'>Mei.-Schoem.-Lips.</span> <span class='ocrx_word' id='word_1_320' title='bbox 725 4376 756 4436; x_wconf 93' lang='lat' dir='ltr'>p.</span> <span class='ocrx_word' id='word_1_321' title='bbox 777 4369 842 4434; x_wconf 87' lang='lat'>792</span> <span class='ocrx_word' id='word_1_322' title='bbox 861 4375 895 4430; x_wconf 86' lang='lat' dir='ltr'>s;</span> <span class='ocrx_word' id='word_1_323' title='bbox 922 4375 1020 4436; x_wconf 90' lang='lat' dir='ltr'>saepe</span> <span class='ocrx_word' id='word_1_324' title='bbox 1046 4356 1207 4416; x_wconf 90' lang='lat' dir='ltr'>omittitur</span> <span class='ocrx_word' id='word_1_325' title='bbox 1224 4361 1289 4430; x_wconf 76' lang='grc' dir='ltr'><em>δίκη·</em></span> 
     </span>
     <span class='ocr_line' id='line_1_36' title="bbox 60 4463 563 4544; baseline -0.008 -16"><span class='ocrx_word' id='word_1_326' title='bbox 60 4467 159 4528; x_wconf 75' lang='lat' dir='ltr'>etiam</span> <span class='ocrx_word' id='word_1_327' title='bbox 185 4470 345 4544; x_wconf 67' lang='grc' dir='ltr'><em>λαγχάνεται</em></span> <span class='ocrx_word' id='word_1_328' title='bbox 365 4470 431 4535; x_wconf 78' lang='grc' dir='ltr'><em>ἐμοί</em></span> <span class='ocrx_word' id='word_1_329' title='bbox 453 4463 563 4544; x_wconf 76' lang='lat'>23,76.</span> 
     </span>
    </p>
   </div>
   <div class='ocr_carea' id='block_1_6' title="bbox 0 0 1508 5296">
    <p class='ocr_par' dir='ltr' id='par_1_10' title="bbox 0 0 1508 5296">
     <span class='ocr_line' id='line_1_37' title="bbox 0 0 1508 5296; baseline 0 0"><span class='ocrx_word' id='word_1_330' title='bbox 0 0 1508 5296; x_wconf 95' lang='lat' dir='ltr'> </span> 
     </span>
    </p>
   </div>
  </div>
 </body>
</html>
