3008 5296
680 562 718 626 35

84 742 208 822 56‚24;
244 763 316 804 raro
350 742 447 803 mittit
479 741 622 821 aliquem
659 741 747 819 32‚8.
774 740 812 802 cl.
841 739 1023 802 Hiillmann
1049 741 1312 822 Handelsgesch.

79 874 115 934 p.
150 852 224 930 167.
251 850 520 914 Buchsenschtitz
545 851 619 912 Bes.
647 872 677 912 u.
706 850 840 912 Erwerb
865 871 897 931 p.
924 849 1002 928 460.

137 980 189 1024 11.
239 968 436 1021 τότε-ὅτε
462 970 497 1023 ut
524 978 667 1040 23‚119;
699 977 781 1035 121;
810 962 921 1038 20‚85.

137 1090 189 1152 13.
238 1075 292 1130 καὶ
313 1077 463 1144 ἀδελφὸς
489 1107 519 1116 -
543 1073 596 1128 καὶ
616 1077 786 1134 κοινωνός.
812 1069 851 1131 cf.
879 1070 982 1131 Bosse
1006 1071 1073 1141 (De
1090 1071 1250 1151 asyndeto
1269 1072 1312 1134 D.

78 1205 114 1266 p.
155 1183 204 1264 3):
243 1181 437 1259 „cumulatis
470 1180 754 1242 coniunctionibus
788 1189 863 1241 cum
898 1180 1041 1243 elocutio
1075 1183 1256 1244 retardatur
1282 1191 1314 1244 et

78 1293 216 1374 singula
248 1293 348 1355 verba
381 1294 424 1354 ita
456 1293 538 1353 inter
568 1312 603 1352 se
627 1292 806 1371 iunguntur
831 1292 924 1372 quasi
951 1270 1212 1373 unumquodque
1237 1295 1313 1354 novi

79 1403 167 1485 quid
200 1403 377 1485 significet,
409 1405 513 1464 oratio
539 1390 668 1484 gravior
693 1401 728 1462 fit
751 1402 913 1483 pluraque
937 1397 1066 1464 videtur
1091 1404 1311 1484 exprimere.”
1348 1475 1352 1480 p
1420 1471 1422 1474 y

139 1532 189 1592 14.
240 1519 362 1590 λόγους
390 1517 506 1588 &le-ss:
541 1512 638 1574 verba
670 1512 776 1574 dabat.
827 1512 938 1574 Dictio
972 1521 1048 1574 nato
1083 1523 1132 1575 est
1164 1534 1207 1574 ex
1232 1513 1313 1575 locis

80 1624 201 1707 quales
232 1631 308 1686 sunt
335 1640 434 1703 20,92
461 1625 499 1680 ἵνα
520 1631 556 1699 μὴ
574 1629 649 1698 λόγον
667 1627 734 1697 λέγω
749 1629 827 1693 μόνον
852 1632 884 1684 et
911 1639 987 1698 2,12
1014 1624 1182 1703 (Lobeck,
1210 1624 1311 1687 Paral.

80 1716 126 1798 ΙΙ
150 1735 239 1820 504).
290 1733 395 1814 Saepe
420 1739 493 1808 λόγοι
516 1732 578 1795 hac
603 1733 707 1814 signis.
735 1734 879 1815 iungitur
905 1754 981 1795 cum
1006 1744 1099 1808 σκῆψις
1128 1731 1229 1816 (1,6),
1248 1758 1311 1808 προ.

79 1857 178 1921 φάσεις
198 1844 322 1932 (8‚I3),
342 1851 470 1920 φλυαρίαι
487 1844 657 1927 (20,101)‚
675 1851 786 1920 ῥήματα
803 1842 974 1928 (18‚308)‚
995 1852 1144 1921 παραγωγή
1164 1842 1312 1925 (30,26);

80 1958 178 2020 locos
204 1957 338 2038 collegit
363 1957 498 2036 Rueger
523 1955 700 2037 (Prolegf
693 1976 733 2018 rn.
761 1952 827 2018 Or.
844 1956 916 2017 adv.
944 1954 1135 2036 Olympiod.
1161 1954 1311 2040 1885)p.

80 2067 150 2143 66;
177 2068 216 2130 cf.
242 2077 410 2150 praeterea
437 2067 522 2128 Hut
509 2074 581 2128 ner
605 2063 691 2149 (ann.
717 2066 759 2127 ad
776 2086 823 2128 or
842 2087 902 2146 pro
921 2065 1051 2128 Phorm
1079 2064 1227 2151 1885lp.
1249 2065 1311 2141 26,
1376 2117 1385 2122 ,
1434 2026 1465 2047 Ἰ

80 2188 118 2240 et
146 2178 292 2240 Matzner
316 2178 357 2239 ad
382 2175 521 2258 Antiph.
547 2176 580 2238 V
610 2175 660 2238 16.

135 2287 257 2350 Contra
280 2293 339 2344 λύ(
297 2313 432 2363 υγουςυ
399 2312 425 2344 m
425 2295 531 2344 κεῖσθαι
553 2296 602 2349 est
626 2287 723 2348 verba
737 2287 854 2365 facere
877 2304 970 2363 2,11;
997 2292 1060 2362 λόγω
1046 2312 1074 2344 ον
1093 2294 1174 2344 ποιεῖν
1154 2286 1317 2348 edicendi

67 2399 272 2478 facultatem
287 2399 403 2476 facere
428 2398 517 2478 6,32.
567 2398 624 2459 Ad
649 2397 745 2459 finem
763 2406 872 2459 autem
890 2396 1084 2479 paragraphi
1103 2396 1200 2459 huius
1218 2398 1313 2459 liceat

80 2511 228 2590 digitum
255 2510 422 2571 intendere
447 2512 479 2570 in
504 2508 706 2590 singularum
731 2508 980 2584 verbositatem,
1008 2530 1073 2594 qua
1098 2528 1183 2589 quae
1209 2510 1310 2587 {1158

81 2623 151 2683 iam
185 2621 262 2682 satis
295 2640 459 2702 superque
492 2619 595 2696 dicta,
630 2621 662 2681 in
687 2622 702 2697 ξ
733 2633 768 2698 15
798 2620 935 2701 repetita
960 2629 1052 2695 sunt,
1079 2621 1196 2680 iterum
1221 2638 1313 2700 repe·

79 2739 211 2793 tuntur.

650 3303 665 3377 5
697 3314 746 3376 17.

139 3518 190 3583 15.
239 3510 357 3579 ἐπειδὴ
383 3507 418 3560 δὲ
438 3509 590 3580 τάχιστα
614 3510 690 3584 post
714 3509 778 3561 τότε
797 3507 930 3572 μὲν-ὅτε
955 3512 990 3565 ut
1017 3506 1139 3581 20,148
1166 3512 1243 3585 post
1266 3507 1312 3560 ὅτε

84 3622 141 3686 μέν.
179 3612 285 3695 Saepe
309 3611 506 3675 vocabulum
532 3613 702 3675 intercedit
726 3613 808 3674 inter
824 3617 913 3687 ἐπειδὴ
930 3622 962 3675 et
979 3618 1106 3690 τάχιστα.
1131 3615 1169 3676 cf.
1188 3613 1310 3676 Frohb.

84 3724 127 3786 ad
154 3725 223 3805 Lys
265 3725 361 3803 13‚78
389 3721 438 3805 (ut
463 3744 593 3805 semper
617 3722 681 3784 hoc
699 3723 833 3804 quidem
850 3743 947 3786 sensu
966 3725 1048 3785 inter
1065 3733 1100 3790 ὡς
1120 3733 1152 3786 et
1169 3724 1310 3809 τάχιστα).

14 3876 17 3881 -
87 3833 252 3915 Exempla
275 3833 408 3914 collegit
434 3833 576 3913 Blaydes
600 3833 642 3895 ad
666 3833 727 3895 Ar.
752 3832 886 3895 Thesm.
919 3847 1014 3912 1205.

139 3961 189 4022 17·
239 3950 267 4018 ὅ,
288 3968 316 4000 τι
341 3949 456 4000 ἐδόκει
477 3947 624 4007 τούτοις.
675 3943 859 4024 Exspectes
885 3947 996 4018 αὐτοῖς,
1031 3945 1195 4005 mentione
1220 3965 1312 4025 prae·
1382 3997 1394 4007 .

86 4056 225 4117 cedente
261 4038 531 4116 adversariorum.
590 4052 656 4115 Sed
693 4074 791 4135 saepe
828 4055 872 4114 ita
908 4053 1086 4115 demonstr.
1120 4054 1309 4117 adhibetur:

91 4169 208 4241 18‚22;
243 4178 364 4244 4o,45;
399 4165 437 4226 cf.
472 4165 653 4228 Francken.
689 4163 817 4226 Comm.
852 4165 1011 4245 Lysiacae
1050 4164 1131 4244 1865
1168 4186 1199 4247 p.
1237 4167 1310 4229 182.

86 4276 221 4339 Schom.
255 4276 297 4337 ad
331 4276 413 4337 lsae.
448 4274 498 4335 ΙΙΙ
531 4293 557 4337 1.
610 4276 755 4336 Matzner
780 4275 821 4336 ad
845 4274 983 4356 Antiph.
1011 4275 1081 4350 III,
1103 4283 1139 4350 β,
1172 4293 1183 4336 1
1213 4285 1245 4337 et
1269 4275 1311 4337 ad

86 4389 232 4469 Lycurg.
262 4404 298 4466 3,
325 4406 356 4467 p.
377 4401 430 4463 77.
470 4384 524 4447 Sic
541 4391 639 4444 ἐκείνου
656 4386 776 4466 legitur
798 4387 917 4462 18,148
938 4386 992 4446 ubi
1010 4393 1183 4467 exspectes
1197 4391 1309 4463 ἑαυτοῦ,

86 4499 143 4561 sed
177 4497 217 4560 cf.
251 4494 405 4558 Schaeler
438 4495 563 4577 Appar.
598 4493 676 4558 Crit.
704 4495 754 4571 Il,
788 4516 820 4577 p.
849 4509 925 4574 215.
975 4495 1066 4557 Alibi
1091 4504 1204 4557 contra
1228 4499 1309 4561 αὐτός

1179 4619 1209 4684 3*
