3008 5296
819 497 863 560 70

790 679 806 754 t
831 693 886 753 44·

255 898 332 976 ⁴28.
382 898 491 973 χωρὶς
524 899 559 953 δὲ
587 899 717 953 τούτων
749 904 785 957 ut
819 909 938 974 20‚25;
975 895 1071 971 26‚8;
1108 911 1179 973 2,4;
1216 896 1290 973 3,8;
1322 895 1369 954 sic
1396 899 1457 962 ἄνευ

237 1007 353 1086 ]8,89;
383 1023 522 1085 23,112‚
557 1007 635 1085 1383
664 1019 783 1085 24,59‚
811 1005 851 1066 de
876 1025 943 1086 quo
969 1003 1148 1066 Schneider
1172 1004 1213 1065 ad
1240 1004 1344 1065 Isocr.
1363 1020 1454 1083 4‚32.

280 1118 332 1178 28.
383 1124 469 1190 φέρε
501 1116 542 1178 ad
575 1115 703 1197 plures,
738 1115 932 1197 plerumque
958 1123 1114 1195 sequente
1138 1117 1165 1172 εἰ
1187 1113 1239 1175 vel
1264 1120 1327 1189 ἐάν,
1357 1115 1454 1193 8,34;

233 1228 354 1306 20,38;
384 1239 502 1306 23‚57;
535 1225 615 1301 106;
648 1243 728 1303 124;
758 1243 817 1305 39,
842 1243 899 1300 10;
925 1225 976 1286 vel
993 1225 1124 1301 remes.
1144 1223 1296 1285 Gebauer
1315 1224 1357 1285 ad
1375 1224 1455 1303 Lys.

231 1358 263 1418 p.
292 1352 368 1414 227.
402 1336 486 1398 ¹Sua
511 1336 745 1417 significatione
770 1357 798 1397 c.
824 1335 907 1397 Ace.
933 1335 1052 1396 obiecti
1078 1334 1197 1416 legitur
1227 1337 1343 1414 18,73;
1376 1334 1454 1409 νοός

236 1446 473 1526 179;·19,61;
511 1447 656 1508 Matzner
688 1446 731 1507 ad
764 1446 846 1525 Lyc.
886 1462 959 1525 129.
1010 1443 1064 1506 Sic
1097 1449 1170 1521 εἰπέ,
1206 1444 1247 1506 de
1280 1464 1348 1526 quo
1382 1445 1455 1506 vide

232 1556 354 1618 Weber
386 1557 428 1617 ad
460 1556 562 1617 Arist.
597 1577 629 1637 p.
666 1555 750 1636 346;
785 1554 937 1617 Schaefer
969 1554 1095 1637 Appar.
1132 1553 1209 1617 Crit.
1238 1556 1272 1631 Ι,
1307 1577 1341 1637 p.
1370 1573 1454 1635 331·;

231 1666 373 1746 Blaydes
398 1666 439 1728 ad
464 1665 524 1728 Ar.
550 1665 637 1728 Ach.
667 1684 750 1746 319;
777 1671 831 1740 ὅσα
858 1682 972 1741 20‚21;
1002 1679 1062 1745 55;
1089 1665 1183 1748 plura
1207 1665 1296 1747 apud
1315 1666 1456 1727 Kiihner

231 1777 264 1837 II
289 1798 321 1858 p.
350 1790 473 1855 75‚4,a.

279 1889 331 1949 28.
382 1886 569 1948 iuramenta
600 1907 659 1968 per
691 1894 776 1960 πρός
807 1885 1002 1968 plerumque
1025 1884 1190 1947 adduntur
1213 1885 1323 1947 verbis
1350 1887 1456 1947 consi-

230 1996 362 2058 derandi
397 1993 509 2080 (9,43;
549 2015 665 2077 19,19;
702 2012 823 2075 20,43;
859 2012 961 2075 23,24
986 1993 1079 2080 cet),
1107 2004 1143 2057 ut
1167 1997 1199 2057 in
1224 1996 1385 2076 gravioris
1411 1998 1456 2057 rei

230 2107 436 2188 expositione
467 2108 603 2168 attentio
635 2106 780 2167 iudicum
814 2104 1015 2168 sollicitetur.
1066 2104 1234 2167 Kiihnlein
1267 2103 1336 2190 (De
1365 2108 1397 2168 vi
1424 2115 1455 2193 et

230 2237 290 2278 usu
316 2217 470 2298 precandi
496 2226 528 2278 et
552 2215 845 2301 iurandiformul.)
869 2237 902 2297 p.
933 2217 984 2295 58.

276 2327 521 2409 Argumentum
547 2327 636 2408 quod
662 2328 808 2408 sequitur
833 2331 947 2384 πλαστὸν
972 2334 1022 2387 est
1037 2330 1218 2402 ἐπιχείρημα,
1237 2326 1279 2387 de
1297 2347 1365 2408 quo
1382 2328 1456 2388 vide

230 2437 421 2499 Volkmann
447 2431 627 2499 Rhetorik²
650 2460 682 2519 p.
712 2454 788 2516 232.

278 2565 331 2628 29.
381 2555 619 2624 συνεβεβήκει.
668 2548 722 2608 De
746 2554 924 2628 augmento
949 2545 1277 2628 plusquamperfecti‚
1306 2546 1399 2627 quod
1425 2549 1456 2607 in

228 2658 316 2720 libris
351 2657 423 2720 MS.
457 2657 510 2719 hic
543 2667 576 2719 et
608 2657 682 2719 alibi
715 2657 889 2738 aliquoties
921 2656 1031 2732 abest,
1066 2655 1104 2718 cf.
1139 2656 1291 2719 Voemel.
1323 2656 1453 2736 Proleg.

229 2767 373 2830 Gramm.
400 2770 441 2829 ad
467 2768 564 2829 Dem.
592 2766 687 2829 Cont.
714 2788 745 2848 p.
774 2768 921 2846 89—92.

274 2901 306 2960 p.
333 2897 446 2959 939‚1.
495 2887 546 2953 μή.
594 2877 792 2957 Asyndeton
817 2878 849 2936 in
873 2875 1024 2937 antithesi
1049 2876 1199 2937 crebrum
1221 2896 1297 2936 cum
1314 2875 1455 2938 alterum

227 2990 410 3050 membrum
443 3009 501 3070 per
534 2989 742 3069 negationem
775 2987 951 3068 opponitur
984 2985 1093 3047 alteri:
1133 3002 1226 3061 1‚22;
1261 3003 1358 3064 4‚14;
1392 3005 1454 3066 34;

229 3101 324 3177 8‚57;
360 3114 421 3176 723
450 3116 594 3177 20,141;
626 3113 706 3177 1503
736 3109 846 3176 23‚25.
898 3094 1042 3176 Quidam
1068 3095 1131 3158 loci
1156 3116 1207 3177 ap.
1233 3095 1387 3158 Voemel.
1414 3098 1456 3159 ad

226 3207 308 3271 Phil:
335 3209 349 3269 Ι
375 3230 450 3290 pag.
477 3226 540 3286 421
570 3208 669 3270 hodie
693 3207 785 3269 aliter
810 3207 980 3287 leguntur,
1008 3206 1046 3267 cs.
1074 3207 1157 3268 Lob.
1183 3206 1225 3266 ad
1250 3205 1305 3269 Ai.
1335 3207 1430 3286 1136.

276 3321 305 3382 8.
356 3326 471 3395 ὥσπερ
497 3327 557 3377 καί.
607 3320 659 3380 De
695 3322 737 3378 καὶ
772 3316 948 3380 abundanti
981 3324 1057 3398 post
1089 3316 1222 3378 relativa
1254 3316 1293 3378 cf.
1329 3317 1453 3379 Frohb.

226 3431 382 3513 Append.
408 3429 449 3491 ad
475 3429 554 3509 Lys.
583 3445 694 3510 31‚27.
733 3429 951 3490 Notissimum
968 3436 1018 3489 est
1034 3427 1225 3509 exemplum
1242 3427 1302 3489 Ar.
1322 3428 1453 3490 Eccles.

229 3558 290 3603 221
313 3561 381 3621 seq.
400 3540 455 3600 ubi
472 3546 565 3613 ὥσπερ
584 3541 626 3595 zat
645 3545 700 3613 πρὸ
721 3546 770 3595 τσῦ
789 3538 1049 3620 epiphonematis
1067 3539 1166 3599 instar
1184 3557 1289 3618 usque
1307 3539 1454 3600 iteratur.

275 3667 305 3729 7,
354 3652 408 3708 καὶ
428 3653 483 3724 σύ,
519 3648 651 3709 Latine:
686 3668 725 3708 ac
757 3669 836 3725 non,
871 3650 902 3709 in
936 3648 998 3709 hac
1030 3649 1238 3730 oppositione
1270 3649 1374 3709 rarius
1405 3658 1455 3710 est

226 3782 325 3843 quam
358 3760 412 3816 ἀλλ’
432 3763 464 3816 οὐ
492 3760 664 3839 minusque
698 3758 825 3821 efficax.
875 3759 1061 3839 Usurpatur
1086 3759 1118 3819 in
1143 3759 1454 3838 interrogationibus

226 3871 412 3953 duplicibus
441 3871 484 3931 ita
508 3869 622 3950 positis
648 3876 684 3930 ut
707 3869 796 3950 prior
820 3870 861 3930 sit
886 3867 1044 3949 neganda.
1094 3868 1180 3929 Vide
1205 3865 1387 3929 Schneider
1412 3869 1455 3930 ad

226 3982 328 4043 Isoer.
354 3980 475 4058 4,178;
502 3977 642 4039 Kiihner
667 3978 699 4039 II
727 3973 838 4057 822l3.

277 4107 305 4171 5.
354 4095 428 4149 νυνί.
468 4090 683 4171 Praeceptum
708 4091 996 4170 grammaticorum
1020 4097 1051 4148 τὸ
1065 4090 1116 4148 νυνὶ
1129 4091 1171 4147 ἐπὶ
1184 4095 1266 4159 μόνον
1281 4098 1329 4148 τσῦ
1343 4097 1453 4149 ἐνεστῶ-

225 4225 269 4263 σνς
293 4207 418 4257 τάσσεται
439 4199 564 4281 (Etym.
592 4200 639 4261 M.
666 4221 697 4281 p.
724 4199 865 4282 608,45)
889 4199 989 4282 paulo
1014 4199 1147 4261 liberius
1172 4207 1222 4260 est
1240 4200 1454 4280 interpretan-

227 4308 322 4380 dum,
351 4316 385 4368 ut
410 4308 507 4368 docet
532 4307 685 4370 Schoem.
712 4309 754 4370 ad
779 4310 861 4371 Isae.
894 4326 979 4385 1‚21.
1014 4307 1068 4370 Sic
1093 4309 1182 4390 apud
1199 4308 1369 4370 Platonem
1386 4330 1455 4372 non

226 4438 298 4479 raro
324 4438 399 4478 cum
423 4421 599 4499 praeterito
617 4420 779 4500 iungitur:
807 4419 921 4502 Symp.
942 4438 1004 4500 193
1020 4419 1071 4495 A;
1093 4419 1195 4501 Hipp.
1216 4420 1296 4481 Min.
1317 4434 1383 4498 372
1404 4421 1452 4497 E;
