3008 5296
739 549 782 611 47

137 734 309 808 usurpent
344 734 484 807 excepta
520 725 659 788 formula
694 731 738 785 ἐὰν
768 731 832 790 θεὸς
865 731 939 803 utin.
988 729 1041 789 De
1075 728 1302 790 Demosthene
1335 729 1374 792 cs,

136 836 301 898 Voemel.
339 835 525 918 Prolegom.
562 836 603 897 ad
641 837 684 898 D.
723 833 901 897 Contiones
940 836 954 919 ᾗ
989 855 1038 899 12.
1073 840 1128 920 qui
1150 838 1253 904 ,affert
1285 839 1376 901 locos

139 948 295 1025 20,138;
331 947 427 1023 8,48;
465 946 562 1025 53,8;
599 963 737 1024 24,171;
764 965 911 1026 prooem.
938 965 1016 1025 44,2
1044 948 1099 1010 ubi
1124 949 1232 1011 codex
1259 953 1377 1031 Spost

135 1065 176 1133 μὴ
214 1057 274 1118 dat
298 1061 383 1115 ννέλενν
408 1058 553 1139 itemque
577 1071 699 1134 47‚14;
732 1055 848 1131 16,27;
879 1058 974 1136 53,8;
1002 1059 1141 1121 Prooem
1173 1077 1265 1136 1o,2;
1294 1079 1375 1140 34a;

133 1183 238 1247 47,2.
291 1165 412 1229 Contra
449 1166 544 1246 16,15
580 1173 617 1242 μὴ
642 1172 792 1241 ἐθέλοντες,
819 1182 863 1243 24
887 1174 924 1242 μὴ
944 1173 1056 1245 ἐθέλειν,
1086 1171 1127 1230 28
1153 1177 1190 1245 μὴ
1210 1174 1376 1246 ἐθελήσουσι,

141 1296 250 1358 19‚43
289 1277 381 1339 Blass
414 1283 451 1352 μὴ
471 1280 592 1352 ’θελῆσαι
617 1275 770 1358 idemque
795 1275 900 1353 Weil;
929 1294 990 1356 301
1021 1277 1108 1341 Weil
1132 1288 1169 1356 μὴ
1188 1280 1293 1356 ’θέλητῖ
1338 1280 1377 1342 In

129 1389 193 1451 his
226 1389 311 1450 locis
336 1386 478 1449 Voemel
503 1385 624 1448 deserit
647 1387 875 1448 auctoritatem
901 1387 1024 1450 codicis
1053 1393 1083 1452 Σ.
1134 1388 1245 1470 Quem
1269 1391 1376 1453 virum

133 1501 173 1562 d.
203 1499 329 1580 ubique
353 1498 450 1561 video
477 1496 638 1558 Blassium
664 1517 736 1558 esse
761 1507 922 1560 secutum.

194 1623 251 1689 25,
301 1620 344 1685 τῷ
366 1609 523 1681 τοιούτῳ.
550 1606 588 1670 cf.
615 1607 655 1669 ad
681 1608 696 1688 ἓ
725 1620 777 1686 54.

194 1719 250 1782 26.
302 1719 355 1778 De
378 1715 541 1778 VOCabulo
567 1724 800 1792 ἀφαιρεῖσθαι
817 1717 855 1780 cs.
876 1717 977 1792 20,66
995 1724 1061 1777 πολὺ
1082 1726 1180 1790 μᾶλλον
1193 1727 1311 1796 ἥρμοττε
1325 1734 1378 1780 τῶν

138 1833 331 1904 ἀτυχημάτων
360 1833 482 1900 ἀφαιρεῖν
526 1823 662 1910 (demere
704 1825 828 1907 aliquid
864 1827 928 1914 de-)
965 1835 1048 1903 ἢτὰς
1071 1833 1176 1903 δωρεὰς
1205 1835 1378 1904 ἀφαιρεῖσθαι

139 1934 324 2022 (adimere).

196 2046 250 2109 26.
299 2052 364 2118 ἐγὼ
383 2053 450 2116 μέν.
488 2047 668 2110 Hermann.
694 2047 736 2108 ad
761 2047 874 2129 Viger.
894 2070 925 2130 p.
946 2051 1027 2126 841:
1048 2055 1115 2124 ,,μέν
1133 2049 1158 2110 si
1177 2048 1295 2110 dicitur
1312 2070 1377 2111 non

143 2167 307 2240 sequente
332 2163 377 2235 δέ,
404 2166 460 2219 aut
484 2158 619 2239 intelligi
637 2168 747 2240 potest
764 2167 793 2217 δέ
810 2169 866 2221 aut
883 2162 1042 2222 omittitur
1059 2159 1113 2221 illa
1129 2180 1204 2241 pars
1222 2161 1377 2221 orationis

143 2272 177 2332 in
205 2290 271 2351 qua
295 2269 389 2349 sequi
413 2269 554 2331 debebat
572 2269 634 2332 δέ.”
663 2270 868 2351 Hoogeveen
894 2271 945 2334 ed.
965 2270 1086 2333 Schiitz
1103 2293 1135 2353 p.
1154 2270 1240 2349 456:
1270 2269 1377 2346 „Cum

144 2381 223 2462 quis
263 2380 304 2441 de
341 2400 376 2441 se
412 2378 551 2442 affirmat
586 2380 726 2461 aliquid,
765 2381 903 2443 aliorum
941 2381 1039 2443 fidem
1076 2383 1183 2443 minus
1222 2381 1376 2461 urgen5.''

144 2490 314 2572 Exempla
346 2489 523 2552 abundant.
561 2491 599 2553 cs.
636 2507 777 2571 21,115;
814 2493 934 2572 38,12;
973 2510 1089 2571 14,12;
1127 2491 1225 2569 16,14
1250 2500 1319 2567 cet,
1346 2501 1378 2553 et

143 2603 257 2682 Kriig.
284 2599 432 2681 69,35,2.

198 2727 251 2790 27,
300 2722 437 2770 nonore
462 2711 644 2794 hyperbole
670 2713 790 2789 inaniS,
819 2722 854 2775 ut
881 2728 968 2792 27,7.

198 2826 251 2886 28.
301 2825 352 2879 καὶ
375 2831 491 2881 ταῦτα.
517 2822 556 2885 es.
584 2822 754 2884 Rehdantz
780 2823 872 2885 Indic
898 2824 930 2885 II
958 2845 983 2887 s.
1009 2847 1039 2886 v.
1067 2825 1241 2886 Neutrum.
1268 2824 1375 2905 Kriig.

147 2949 298 3016 51,7‚14.
349 2933 403 2996 De
431 2932 481 2995 his
505 2933 674 2996 vocabulis
700 2943 776 3016 post
800 2936 912 3016 partie.
939 2937 1055 3017 positis
1081 2935 1223 3015 Blaydes
1247 2935 1289 2996 ad
1314 2935 1375 2998 Ar.

143 3048 281 3111 Plutum
310 3045 407 3125 546.·

714 3492 812 3570 5527·

195 3735 227 3795 p,
255 3728 368 3792 932‚2.
405 3718 481 3784 παρ’
509 3717 722 3784 ἀμφοτέρων
748 3712 1021 3784 ὁμολογηθέντα.
1070 3707 1176 3790 Saepe
1208 3709 1376 3788 passivum

146 3823 237 3887 verbi
276 3828 412 3897 ὁμολογεῖν
448 3823 724 3905 praepositionem
756 3829 832 3896 παρά
869 3842 895 3884 c.
932 3819 1013 3882 Gen.
1049 3819 1165 3893 habet3
1200 3817 1377 3900 aliquando

145 3934 287 3997 eandem
312 3955 339 3997 c.
367 3935 506 3996 Dativo:
532 3931 653 4011 44,56;
680 3931 779 4010 60,4;
811 3932 893 4013 Lyc.
920 3933 951 3993 in
978 3931 1096 3992 Leocr.
1121 3946 1180 4004 12;
1203 3941 1255 4007 54.
1291 3927 1377 3990 Cum

146 4065 215 4127 quo
249 4065 309 4106 usu
344 4044 575 4106 conferendum
608 4042 736 4104 videtur
769 4050 832 4116 παρ’
852 4042 912 4111 ἐμοὶ
935 4048 1050 4115 κρίνεται
1074 4047 1110 4100 ut
1134 4037 1256 4117 61,53;
1283 4039 1377 4100 cuius

146 4155 278 4231 generis
303 4154 397 4236 plura
422 4154 546 4215 confert
572 4153 738 4214 Maetzner
762 4152 803 4214 ad
830 4151 911 4230 Lyc.
941 4167 970 4229 3.

196 4282 228 4342 4.
278 4265 473 4338 συγγραφαὶ
494 4269 626 4320 κεῖνται.
649 4272 685 4325 ut
697 4269 775 4332 νόμος
791 4270 887 4337 κεῖται,
909 4274 1027 4339 24,25;
1050 4257 1169 4337 24‚62;
1189 4259 1286 4342 (ζημία
1298 4263 1378 4315 κεῖται

148 4373 293 4452 24,216;
323 4371 436 4458 5423)
462 4373 555 4435 Culus
572 4372 647 4435 loco
667 4390 768 4452 24‚39
786 4381 818 4433 et
835 4371 910 4433 alibi
926 4375 954 4428 οῖ
966 4377 1037 4435 ὄντες
1054 4378 1127 4440 νόμον
1140 4369 1192 4431 vel
1206 4372 1375 4444 ὑπάρχοντες

148 4502 287 4565 24,100.
