3008 5296
747 548 768 608 9

190 725 242 785 18.
293 730 418 789 οεῐξαιι
449 725 617 803 prcfferre,
653 722 743 785 velut
774 722 835 785 Ar.
869 723 934 785 Av.
974 736 1078 801 1045:
1116 725 1224 795 πικροὺς
1252 723 1308 796 ἐγώ
1331 744 1371 778 σοι

139 841 256 910 τήμερον
278 838 358 896 δειέω
378 841 485 905 νόμους.

191 962 242 1025 19.
291 950 465 1017 ἐξουσίαν,
485 949 589 1020 ἔχειν.
610 944 731 1026 (Krllg.
759 942 904 1005 Gramm.
932 956 990 1021 50,
1017 942 1057 1017 6,
1077 941 1121 1023 4).
1141 941 1179 1002 Cf.
1201 957 1260 1017 24,
1286 955 1367 1018 123;

144 1069 226 1135 151;
256 1068 317 1134 57,
350 1071 408 1129 123
437 1071 496 1132 23,
524 1053 579 1131 67.
618 1055 708 1116 Raro
733 1054 819 1116 infin.
847 1055 991 1135 iungitur
1015 1060 1292 1135 perroo,ut23,
1318 1062 1368 1128 15.

138 1165 177 1227 cl.
206 1163 385 1227 Schneider
410 1163 451 1225 ad
477 1164 578 1227 Isocr.
607 1179 644 1241 7,
675 1181 718 1226 20
728 1186 735 1239 ;
764 1163 918 1226 Schoem.
944 1162 985 1225 ad
1011 1163 1094 1225 Isae.
1123 1164 1153 1224 8.
1182 1162 1219 1234 8;
1247 1159 1369 1221 Weber

137 1274 179 1335 ad
204 1274 464 1336 Aristocrateam
489 1295 520 1356 p.
552 1273 628 1336 261.

188 1403 241 1447 21.
283 1393 325 1462 μὴ
346 1392 549 1444 ἀποδιδόναι
574 1392 643 1446 cet:
670 1384 708 1445 In
726 1384 961 1446 hereditatibus
980 1383 1089 1444 debita
1106 1402 1241 1463 quoque
1258 1389 1367 1442 erant:

137 1516 201 1576 49,
233 1513 296 1575 433
329 1493 389 1575 36,
418 1493 479 1574 36;
506 1495 590 1558 Isae.
622 1513 678 1571 1o,
711 1508 747 1573 15
776 1514 852 1575 seq,
880 1494 959 1574 Lys.
992 1508 1049 1570 17,
1078 1510 1095 1572 3
1123 1513 1192 1573 seq.
1219 1490 1258 1552 cf.
1286 1490 1369 1551 Mei-

138 1605 293 1668 Schoem.
320 1627 352 1687 p.
382 1607 458 1685 598.

187 1734 241 1779 22.
291 1723 487 1793 ᾱφίσταται.
538 1717 592 1778 Ex
624 1716 688 1779 hoc
721 1717 796 1778 loco
829 1715 996 1777 concludit
1030 1715 1163 1796 Lipsius
1196 1711 1251 1797 (ad
1286 1713 1368 1774 Mei-

136 1827 292 1891 Schoem.
318 1850 349 1910 p.
380 1841 463 1909 573,
489 1837 599 1906 annot.
619 1828 698 1914 252)
717 1828 867 1891 fratribus
884 1827 1015 1888 licuisse
1032 1825 1212 1887 hereditate
1230 1823 1366 1897 cedere,

135 1939 229 2020 quod
254 1938 340 2000 idem
367 1939 438 2001 filiis
464 1959 529 2002 non
554 1939 681 2002 licebat.

716 2384 789 2461 tt·

186 2607 241 2684 23⁴.
290 2602 307 2683 a)
332 2608 445 2674 μὲν-
469 2639 501 2649 -
523 2605 589 2679 ἐγώ
616 2607 651 2661 δὲ
677 2610 801 2674 δέομαι
832 2604 870 2666 cf.
898 2606 960 2683 48,
995 2603 1047 2683 56.
1097 2601 1253 2683 Sequitur
1279 2607 1364 2676 δέησις

134 2713 337 2800 (insinuatio)
363 2712 404 2774 de
429 2733 494 2794 qua
518 2711 593 2773 vide
617 2712 808 2776 Volkmann
832 2735 864 2796 p.
897 2732 970 2795 134.
997 2711 1065 2775 Cic.
1092 2713 1133 2774 de
1155 2710 1225 2773 Inv.
1252 2729 1286 2786 1,
1311 2710 1364 2786 16,

137 2842 200 2888 22:
236 2824 460 2886 Benivolentia
492 2832 701 2905 comparatur
732 2845 752 2886 a
776 2833 887 2886 nostra
911 2844 1052 2907 persona
1076 2825 1102 2885 si
1128 2842 1226 2905 prece
1251 2830 1284 2883 et
1309 2821 1366 2882 ob-

135 2937 318 2999 secratione
350 2934 466 2996 humili
499 2954 537 2995 ac
571 2934 711 3016 supplici
745 2943 885 2997 utemur.
936 2936 1130 2996 Petitionem
1157 2942 1192 2994 ut
1215 2931 1366 2996 benivole

135 3046 271 3110 audiant
302 3046 426 3108 iudices
456 3046 487 3107 in
512 3044 650 3106 exordio
676 3066 773 3107 nemo
798 3048 929 3128 saepius
955 3054 1091 3127 usurpat
1116 3065 1215 3126 quam
1242 3043 1367 3104 Demo-

135 3157 287 3233 sthenes,
314 3177 387 3219 raro
412 3157 515 3218 oratio
541 3176 579 3218 ea
604 3165 692 3218 caret
716 3154 787 3240 (Or.
809 3175 870 3237 3o,
891 3132 948 3237 36,
971 3175 1013 3237 39
1031 3155 1105 3241 eet).
1132 3154 1257 3217 Omnes
1275 3154 1366 3215 locos

137 3266 417 3329 Demosthenicos
449 3265 540 3328 affert
573 3263 713 3328 Schulze
746 3264 888 3350 (Proleg.
923 3269 955 3329 in
984 3265 1042 3328 Or.
1067 3266 1140 3328 adv.
1166 3264 1367 3347 Apaturium

138 3378 230 3459 Lips.
262 3375 362 3463 1878)
387 3399 417 3459 p.
448 3395 508 3457 39,
540 3394 567 3438 1.
609 3377 787 3438 Rarissime
812 3379 844 3439 in
861 3378 970 3439 media
987 3378 1133 3439 oratione
1153 3375 1285 3457 ponitur
1302 3391 1365 3453 43,

143 3504 194 3566 17.
221 3489 284 3549 Pro
309 3495 429 3559 δέομαι
454 3486 599 3549 futurum
624 3494 752 3563 δεήσομαι
782 3505 840 3568 19,
873 3506 906 3563 1;
935 3506 996 3567 34,
1029 3505 1063 3562 1;
1092 3502 1154 3567 37,
1183 3504 1217 3566 33
1246 3486 1307 3565 38,
1328 3501 1366 3559 23

137 3605 335 3673 παραιτήσομαι
362 3616 422 3676 21,
453 3599 512 3677 58;
539 3603 679 3677 αἰτήσομαι
704 3600 784 3680 Lys.
816 3617 873 3679 19,
903 3616 939 3674 23
966 3597 1104 3679 Antiph.
1127 3610 1161 3676 5,
1181 3615 1203 3674 4
1221 3595 1275 3658 ubl
1293 3594 1367 3657 vide

140 3703 299 3768 Matzner.

185 3819 346 3882 εὐνοϊκῶς
373 3825 527 3877 ἀκοῦσαι.
566 3817 777 3900 Quamquam
804 3818 928 3879 iudices
945 3820 1014 3880 iure
1032 3816 1169 3879 iurando
1187 3814 1368 3896 obstringe-

137 3925 256 3987 bantur
281 3933 317 3986 ut
341 3928 437 4006 aequi
463 3935 495 3988 et
519 3930 632 3990 attenti
658 3929 807 3991 audirent
824 3926 935 4012 (Dem.
960 3929 1017 4003 18,
1040 3945 1073 4002 2;
1094 3928 1195 3988 Isocr.
1216 3938 1270 4004 15,
1292 3923 1365 4009 21),

137 4044 247 4097 tamen
280 4056 346 4098 non
379 4056 508 4119 semper
541 4047 683 4101 attentos
718 4038 817 4100 fuisse
850 4059 909 4122 par
933 4046 993 4100 est.
1020 4037 1058 4099 cl.
1085 4035 1208 4098 Aesch.
1238 4052 1276 4110 2,
1306 4051 1366 4112 24:

135 4151 232 4202 ἐπαοιῦ
265 4148 325 4211 δἐἰς
360 4150 512 4224 ὑπερβολὴν
544 4155 642 4214 πάντας
679 4153 748 4220 ὑμᾶς
786 4154 826 4207 ὅτι
855 4157 916 4224 σιγῇ
944 4150 986 4206 καὶ
1018 4152 1120 4212 δικαίως
1153 4156 1228 4223 ἡμῶν
1257 4150 1368 4202 ἀκούετε

139 4265 172 4317 et
198 4255 240 4318 D.
267 4269 330 4335 45,
357 4255 397 4318 6:
424 4262 488 4317 οὐδὲ
508 4264 590 4334 λόγου
609 4266 701 4336 τυχεῖν
722 4264 862 4324 ἀξιωθείς.
906 4260 958 4320 De
983 4258 1122 4320 formula
1147 4257 1224 4318 iuris
1242 4255 1367 4317 iurandi

140 4366 183 4429 D.
215 4383 275 4443 24,
317 4384 379 4446 149
413 4388 438 4431 s.
473 4368 511 4431 cf.
543 4368 783 4432 Westernrann.
820 4369 949 4432 Comm.
985 4369 1036 4430 111
1069 4390 1101 4450 p.
1130 4371 1148 4429 8
1175 4387 1243 4447 seq.
1275 4366 1368 4427 Mei.-

141 4475 405 4559 Schoem.-Lips.
432 4499 464 4561 p.
496 4492 557 4559 153
585 4500 610 4542 s.
