3008 5296
732 504 766 546 Xl

182 679 331 760 Agnovit
362 688 471 742 autem
505 680 648 742 Blassius
681 680 923 742 similitudinem
948 682 1026 742 satis
1049 680 1251 741 manifestam
1276 681 1358 741 inter

133 790 220 852 hanc
253 793 432 853 orationem
458 800 490 853 et
511 812 569 870 eas
594 811 676 871 quae
701 793 873 873 inscriptae
898 800 989 853 sunt:
1016 791 1170 853 adversus
1197 792 1356 853 Macarta·
1432 816 1438 829 ¹

133 910 204 962 tum
230 910 261 962 et
286 899 581 982 Olympiodorum;
607 903 653 962 sic
679 902 907 963 conferendam
933 923 1004 963 esse
1029 905 1043 983 5
1065 915 1107 980 54
1124 922 1199 963 cum
1217 922 1263 964 or.
1282 902 1355 963 adv.

135 997 189 1073 Ol.
220 1024 278 1090 55;
304 1013 319 1094 5
344 1029 385 1091 43
414 1032 488 1073 curn
515 1012 601 1074 Mac.
628 1031 690 1090 4r;
716 1012 771 1095 (cf.
796 1013 872 1074 ibid.
900 1011 996 1092 3461
1022 1022 1054 1074 et
1072 1013 1166 1074 Lacr.
1187 1014 1261 1094 22);
1279 1013 1294 1095 5
1313 1030 1354 1091 32

135 1142 210 1183 curn
244 1121 296 1184 Ol.
333 1124 393 1202 38;
428 1124 442 1204 5
470 1140 487 1184 2
519 1143 593 1185 curn
620 1123 706 1186 Mae.
732 1123 795 1198 68;
822 1123 875 1186 Ol.
905 1123 964 1203 56;
991 1124 1022 1206 55
1046 1143 1086 1202 4;
1115 1141 1176 1200 24;
1205 1137 1265 1202 35;
1295 1137 1355 1202 52;

117 1241 269 1314 propter
293 1234 479 1295 transeundi
503 1233 657 1295 formulas
683 1254 757 1295 cum
783 1232 835 1296 Ol.
862 1248 876 1313 5
883 1250 921 1311 7;
941 1234 1027 1296 Mac.
1048 1250 1089 1313 72
1101 1257 1108 1310 ;
1127 1233 1241 1296 eadem
1258 1234 1357 1295 verba
1456 1220 1458 1225 ¹

135 1363 306 1405 occurrere
339 1345 353 1426 5
390 1357 404 1423 5
441 1353 473 1405 et
507 1344 593 1407 Mac.
629 1361 667 1419 23
701 1345 761 1422 58
797 1352 829 1405 et
855 1344 941 1406 Mac.
969 1346 1031 1424 83;
1057 1345 1072 1426 5
1098 1362 1136 1422 17
1163 1353 1195 1405 et
1220 1342 1354 1422 ΟΙ.44;

135 1454 150 1535 5
178 1469 219 1530 27
254 1463 286 1516 et
318 1452 370 1516 Ol.
409 1468 467 1533 55;
502 1453 517 1536 5
545 1453 586 1533 56
615 1463 648 1516 et
673 1452 726 1516 Ol.
756 1456 815 1534 58;
843 1455 929 1517 Mac.
957 1457 1019 1533 843
1046 1475 1120 1517 curn
1138 1456 1215 1516 iuris
1233 1455 1356 1517 iurandi

136 1563 273 1625 formula
296 1568 309 1640 5
334 1582 379 1642 4ο
405 1565 632 1627 conferendam
658 1586 729 1627 esse
754 1586 826 1627 eam
851 1586 933 1647 quae
958 1567 1076 1647 legitur
1092 1587 1138 1629 or.
1157 1565 1229 1628 adv.
1250 1564 1303 1628 Ol.
1325 1583 1355 1629 2.
1380 1632 1383 1637 ,

135 1673 296 1736 Videmus
322 1676 418 1756 igitur
442 1674 610 1737 nonnullis
630 1677 661 1737 in
686 1676 782 1738 rebus
808 1675 892 1738 hanc
917 1679 1101 1738 orationum
1122 1676 1260 1738 triadem
1277 1678 1359 1738 inter

136 1805 171 1845 se
200 1786 388 1860 concinere,
415 1805 527 1847 verum
552 1786 751 1848 monendum
777 1790 885 1849 estut
910 1789 1147 1869 circumspecte
1169 1795 1296 1849 utamur
1321 1788 1359 1848 iis

135 1915 218 1977 quae
243 1916 261 1956 a
287 1894 413 1957 Blassio
438 1897 500 1957 sint
525 1896 651 1958 collata.
702 1896 788 1958 Nam
813 1917 916 1978 genus
938 1897 1064 1959 dicendi
1083 1899 1115 1959 in
1131 1896 1241 1979 aliquo
1258 1918 1358 1979 opere

135 2014 344 2087 perspectum
369 2007 428 2067 etsi
452 2006 557 2068 facere
581 2015 690 2089 potest
714 2019 749 2069 ut
772 2007 805 2068 id
829 2007 1052 2069 abiudicemus
1078 2009 1118 2070 ab
1143 2008 1207 2069 hoc
1231 2008 1283 2070 vel
1301 2007 1357 2070 illo

136 2117 310 2198 scriptore,
336 2125 446 2179 tamen
471 2117 562 2179 firma
585 2126 776 2199 argumenta
799 2119 841 2180 ad
866 2118 1116 2180 adiudicandum
1134 2139 1206 2180 raro
1224 2118 1358 2200 praebe-

135 2228 192 2291 bit.
243 2230 356 2313 ltaque
386 2239 493 2292 utrum
518 2251 592 2293 curn
619 2231 744 2293 Blassio
769 2232 823 2293 uni
849 2223 1019 2314 eidemque
1043 2233 1167 2294 auctori
1193 2232 1355 2293 orationes

135 2340 208 2402 adv.
247 2340 430 2416 Lacritum,
474 2341 707 2416 Macartatum,
747 2340 1023 2422 Olympiodorum
1060 2342 1155 2403 liceat
1192 2342 1358 2422 assignare

135 2471 260 2527 annon,
296 2471 361 2512 non
395 2452 498 2513 ausim
523 2451 715 2527 decernere,
742 2453 932 2534 praesertim
958 2472 1032 2513 curn
1058 2472 1123 2514 non
1148 2451 1275 2513 videam
1301 2472 1358 2513 eur

134 2562 186 2624 vel
211 2564 373 2644 pessimus
398 2571 507 2624 orator
532 2563 563 2624 in
585 2571 778 2643 argumento
795 2562 1021 2644 vulgarissimo
1038 2562 1206 2624 tractando
1223 2571 1357 2644 propter

134 2674 309 2735 verborum
334 2674 476 2755 inopiam
501 2674 571 2755 ipse
596 2695 631 2734 se
656 2675 797 2735 imitatus
823 2675 864 2734 sit
887 2682 958 2749 aut,
978 2673 1113 2735 fortasse
1130 2682 1205 2754 post
1222 2673 1356 2754 longum

134 2784 357 2859 intervallum,
396 2785 512 2846 iterum
545 2786 726 2866 iterumque
758 2787 790 2845 in
820 2784 935 2846 eadem
959 2785 1058 2847 verba
1082 2785 1240 2846 inciderit,
1291 2783 1356 2845 Sed

135 2894 267 2956 mallem
305 2903 389 2956 stare
426 2914 500 2956 curn
534 2896 660 2956 Blassio
692 2915 789 2977 quarn
822 2876 896 2957 curn
928 2917 958 2958 v.
994 2895 1025 2959 d.
1060 2893 1354 2977 Schimmelpfeng;
1399 2899 1402 2905 '

135 3008 243 3081 cuius,
271 3026 345 3067 cum
370 3005 515 3069 refellere
541 3026 703 3068 summurn
729 3007 819 3068 illum
844 3008 948 3068 virum
973 3015 1126 3082 conatur,
1153 3006 1216 3068 hoc
1242 3006 1356 3067 firmis-

135 3119 254 3179 simum
279 3118 320 3178 sit
343 3126 570 3199 argumentum
589 3119 639 3198 ,(p.
667 3116 742 3197 63):
764 3118 942 3198 „particula
959 3125 1008 3194 δή,
1028 3113 1155 3198 inquit,
1167 3137 1232 3178 non
1250 3126 1357 3180 exstat

134 3230 166 3290 in
192 3229 337 3289 oratione
362 3227 551 3303 Lacritea;”
577 3228 664 3310 (vide
688 3237 797 3290 tamen
822 3226 837 3301 ἓ
864 3231 917 3308 14)
945 3249 1008 3304 „ex
1033 3249 1098 3310 quo
1124 3237 1213 3290 certo
1238 3249 1369 3310 possu»

134 3359 207 3402 mus
241 3339 434 3401 concludere
467 3339 549 3401 hanc
582 3351 686 3421 neque
720 3338 954 3401 Demosthenis
979 3360 1051 3401 esse
1076 3359 1180 3422 neque
1206 3339 1352 3401 eiusdem

134 3452 272 3512 oratoris
304 3459 400 3533 atque
432 3459 512 3512 orat.
546 3448 706 3512 XLlssam
738 3459 770 3512 et
803 3450 1038 3526 XLVsslam,”
1073 3452 1119 3534 (in
1152 3451 1268 3532 quibus
1301 3449 1355 3512 illa

134 3562 291 3644 particula
323 3563 434 3624 novies
467 3570 499 3623 et
520 3563 651 3643 ⁴septies
684 3561 823 3644 legitur).
873 3562 930 3624 Ad
961 3561 1037 3624 talia
1069 3561 1270 3624 descendunt
1299 3562 1352 3644 qui

134 3674 273 3754 probare
297 3673 410 3735 volunt
434 3693 517 3754 quae
541 3681 683 3754 praestat
708 3672 877 3735 indicasse.
929 3671 1024 3753 Quae
1048 3681 1215 3754 praeterea
1240 3672 1280 3734 de
1297 3672 1353 3734 illo

135 3787 319 3848 discrimine
343 3784 481 3866 profert,
509 3784 654 3846 eiusdem
678 3778 797 3846 farinae
821 3793 912 3860 sunt;
939 3786 985 3846 sic
1009 3783 1239 3866 loquacitatem
1260 3785 1304 3844 ait
1320 3784 1352 3844 in

136 3899 284 3959 Lacritea
309 3897 467 3957 minorem
492 3916 564 3957 esse
581 3896 625 3977 (p.
647 3897 719 3976 31),
739 3894 968 3977 hypophoram
986 3894 1057 3974 §47
1077 3915 1145 3976 seq.
1163 3894 1354 3956 alacriorem

135 4029 207 4070 esse
232 4028 328 4090 quarn
353 4028 425 4069 eam
450 4027 532 4089 quae
557 4007 675 4088 legitur
698 4006 770 4068 adv.
799 4006 885 4069 Mac.
911 4000 926 4076 ἓ
953 4025 1006 4086 33.
1058 4006 1159 4086 Quasi
1184 4026 1262 4067 vero
1287 4025 1353 4067 non

135 4118 360 4181 difficillimum
386 4120 426 4179 sit
450 4118 510 4180 sibi
535 4138 664 4199 semper
689 4126 847 4180 constare.

181 4231 268 4294 Uhle
302 4238 414 4292 contra
438 4230 662 4291 dissertatione
688 4228 816 4292 laudata
842 4249 1067 4311 quaecumque
1093 4229 1218 4310 species
1244 4228 1354 4289 simili·

134 4341 253 4404 tudinis
286 4350 354 4403 erat
385 4338 466 4403 inter
498 4350 563 4402 tres
596 4342 760 4402 orationes
788 4360 867 4421 quas
892 4340 979 4416 dixi,
1006 4360 1077 4402 eam
1102 4340 1252 4421 arripuit;
1279 4359 1353 4400 cum

133 4464 242 4518 autem
267 4454 363 4517 simul
387 4454 484 4516 vellet
508 4454 681 4515 ostendere
698 4454 860 4515 orationes
877 4450 981 4530 46am‚
1001 4463 1106 4530 4721111,
1125 4463 1228 4532 492111,
1252 4463 1351 4530 502¹1¹‚
