3008 5296
742 517 781 578 19

192 713 222 759 2.
273 699 321 762 εἰς
345 699 531 770 Βόσπορον.
574 694 733 776 Intellege
751 694 865 756 urbem
883 695 1151 776 Panticapaeum,
1170 717 1371 778 quamquam

143 820 316 886 3,7,5o,52
351 808 475 868 Pontus
509 814 635 868 tantum
668 813 814 866 vocatur.
863 804 1001 885 Alioqui
1026 807 1113 867 enim
1138 806 1371 876 creditornon

140 917 344 997 neglexisset
376 919 468 998 queri
502 917 544 977 de
569 915 703 998 perfidia
728 915 930 990 debitorum,
959 917 1014 996 qui
1039 918 1123 977 vecti
1149 926 1240 1008 erant
1264 918 1370 979 Panti-

140 1047 312 1108 capaeum.
351 1027 389 1088 cf.
427 1044 539 1107 3132.
599 1027 695 1088 Hanc
731 1035 840 1087 autem
875 1025 1007 1101 urbem,
1042 1028 1138 1088 sitam
1171 1029 1203 1088 in
1237 1028 1368 1089 introitu

139 1136 271 1219 paludis
306 1138 476 1212 Maeotiis,
511 1137 630 1199 dictam
663 1157 682 1198 a
715 1137 848 1197 flumine
880 1139 1061 1212 Παντικάπης,
1093 1137 1184 1218 quod
1209 1139 1313 1200 influit
1337 1140 1369 1200 in

140 1248 383 1328 Borysthenem
418 1244 469 1331 (cs.
505 1246 618 1330 Steph.
654 1246 746 1332 Byz.)
780 1248 938 1309 nominari
969 1249 1066 1310 etiam
1101 1249 1287 1331 Bosporum
1313 1271 1369 1331 ap-

137 1367 233 1440 paret
268 1380 287 1419 e
320 1359 401 1420 Plin.
430 1358 474 1421 H.
502 1359 544 1420 N.
570 1375 719 1436 4,12,24.
771 1355 1024 1439 Componuntur
1050 1376 1148 1439 20,33
1181 1359 1369 1422 Theodosia

138 1477 171 1530 et
198 1469 368 1550 Bosporus
394 1478 429 1530 ut
455 1469 533 1531 infra
558 1473 573 1547 §
601 1487 639 1548 31
669 1468 857 1530 Theodosia
882 1477 914 1530 et
940 1469 1202 1551 Panticapaeum.

189 1595 219 1641 2.
269 1584 325 1635 ἐὰν
346 1586 376 1636 δέ
401 1588 462 1640 cet.
513 1577 547 1640 Si
573 1578 718 1653 libuerit,
746 1599 836 1639 oram
855 1580 1017 1640 sinistram
1035 1580 1128 1640 Ponti
1147 1580 1257 1641 licebit
1274 1583 1366 1662 sequi

138 1709 246 1770 usque
270 1689 312 1751 ad
338 1690 589 1770 Borysthenem.
640 1689 727 1750 Fieri
751 1697 861 1751 autem
887 1697 997 1770 potest
1023 1698 1057 1750 ut
1074 1689 1138 1751 hoc
1157 1711 1291 1773 quoque
1309 1712 1366 1752 no-

136 1801 226 1861 mine
251 1799 442 1881 designetur
467 1800 562 1875 urbs,
583 1798 680 1861 Olbia
697 1799 837 1875 scilicet,
856 1799 897 1861 ad
915 1801 1035 1860 ostium
1054 1800 1268 1880 Borysthenis
1286 1803 1364 1877 sita,

137 1930 224 1991 quae
248 1910 412 1972 interdum
439 1911 482 1972 ita
506 1910 614 1985 audit;
641 1909 758 1971 Strabo
785 1924 815 1986 7.
843 1931 871 1972 c.
900 1909 976 1988 306.
1015 1911 1068 1971 De
1086 1931 1123 1972 ea
1141 1910 1179 1972 cs.
1199 1911 1366 1972 Btichsen-

136 2019 252 2082 schtitz
269 2042 301 2102 p.
320 2038 471 2101 429‚430
482 2043 489 2097 ;
510 2021 708 2095 Hiillmann,
730 2020 992 2101 Handelsgesch.
1012 2021 1069 2082 der
1087 2019 1249 2083 Griechen
1268 2024 1305 2083 18
1311 2040 1365 2102 39.

135 2149 277 2213 p·144·
587 2134 591 2145 “
959 2171 961 2175 >

187 2260 218 2321 3.
267 2243 320 2298 καὶ
349 2247 448 2299 πάλιν
477 2243 636 2318 Ἀθήναζε
669 2241 789 2302 diserte
821 2240 951 2303 additur
987 2240 1105 2321 56,29;
1138 2259 1257 2321 34‚23;
1293 2241 1366 2323 lege

135 2359 188 2413 est
212 2353 350 2413 vetitum
375 2353 406 2412 in
431 2350 531 2413 alium
557 2359 690 2432 portum
715 2352 888 2432 pecuniam
914 2360 1062 2413 mutuam
1089 2352 1156 2413 dari
1182 2349 1275 2435 (infra
1303 2366 1363 2431 503
1445 2414 1448 2418 .

139 2460 250 2546 56,5),
285 2481 482 2543 semperque
516 2461 586 2523 finis
620 2463 741 2523 itineris
774 2460 849 2522 addi
883 2461 997 2537 debet,
1032 2462 1074 2524 ad
1103 2463 1365 2524 constituendam

134 2572 257 2633 fenoris
290 2591 471 2646 summam;
502 2573 545 2632 ita
574 2570 691 2649 56,12;
721 2588 773 2633 22.
824 2571 1022 2652 Plerumque
1046 2580 1146 2633 testes
1169 2572 1365 2634 adhibentur

134 2682 179 2744 ad
212 2703 274 2763 pro
298 2682 489 2759 lectionem,
518 2690 553 2744 ut
577 2690 705 2743 constet
728 2681 846 2743 abhinc
870 2681 1053 2762 periculum
1079 2703 1151 2744 esse
1176 2683 1363 2757 creditoris,

135 2800 173 2854 ut
200 2794 312 2872 3428.
1266 2794 1268 2797 ’

184 2922 217 2981 4.
267 2905 319 2960 ἐπὶ
340 2906 537 2966 διακοσίαις
564 2910 625 2964 cet.
676 2903 726 2964 lta
751 2922 880 2983 semper
905 2902 1065 2964 indicatur
1090 2902 1209 2965 modus
1234 2903 1363 2965 fenoris.

141 3027 236 3092 1,15;
261 3012 376 3093 19,96;
397 3028 493 3092 27,9;
518 3027 575 3090 17;
596 3027 657 3092 35;
679 3014 792 3092 28,13.
818 3013 856 3075 cs.
884 3013 1028 3094 Kriigeri
1048 3012 1192 3076 Gramm.
1213 3013 1362 3091 68,41,8.

136 3124 220 3186 Inde
252 3133 301 3186 est
333 3124 516 3185 derivatum
535 3130 622 3204 ,τόκος
645 3128 807 3192 §attestator
834 3133 896 3186 cet.
948 3124 1001 3185 De
1025 3124 1144 3186 fenoris
1169 3144 1299 3186 summa
1324 3124 1362 3185 cf.

127 3234 286 3328 ,Boeckh.
313 3235 327 3295 I
359 3226 421 3296 166
448 3254 516 3315 seq.
549 3249 612 3311 170
637 3254 705 3315 seq.
745 3231 812 3295 Cur
828 3254 959 3316 semper
975 3255 1095 3315 magna
1110 3234 1206 3296 fuerit
1222 3234 1364 3297 Athenis

135 3346 212 3407 vide
244 3344 332 3427 apud
366 3343 634 3405 Buchsenschtitz
667 3364 699 3424 p.
734 3343 812 3423 496.
864 3342 948 3406 Cum
981 3353 1090 3406 autem
1124 3345 1306 3426 periculum
1332 3347 1363 3407 in

135 3455 287 3517 cursibus
312 3455 481 3517 maritimis
505 3454 659 3515 faciendis
685 3454 942 3517 diversissimum
968 3464 1071 3531 esset,
1098 3455 1193 3518 valde
1221 3456 1364 3518 variabat

135 3566 247 3640 senus,
282 3565 373 3646 quod
405 3563 458 3625 hic
484 3566 665 3625 maximum
691 3573 740 3626 est
764 3574 899 3647 propter
923 3565 1068 3648 pericula
1092 3569 1307 3648 navigationis
1332 3568 1363 3628 in

137 3677 280 3737 Pontum
304 3674 549 3756 suscipiendae,
578 3672 646 3737 Cic.
672 3675 771 3737 Tusc.
800 3690 951 3755 1‚2o,45;
978 3676 1092 3757 Polyb.
1119 3694 1197 3756 442
1225 3686 1362 3739 extrem.

138 3785 353 3846 Reiciendam
386 3804 458 3845 esse
490 3785 602 3846 statuit
628 3784 763 3845 Boeckh
790 3786 977 3867 opinionem
1004 3785 1152 3848 Salmasii
1178 3787 1233 3868 (de
1259 3786 1363 3848 Modo

139 3897 197 3959 Us.
232 3895 246 3955 l
280 3916 312 3976 p.
345 3912 402 3965 10;
436 3894 468 3955 V
500 3915 533 3975 p.
562 3894 655 3979 209),
690 3894 891 3976 perhibentis
925 3895 1120 3978 plerumque
1152 3897 1267 3958 solitos
1292 3917 1363 3958 esse

137 4005 283 4069 Graecos
309 4004 356 4068 uti
379 4013 448 4083 τόκῳ
467 4012 639 4082 eumenum,
667 4027 751 4087 quae
776 4008 904 4088 opinio,
924 4008 1004 4069 freta
1022 4008 1095 4069 loco
1113 4007 1199 4070 Xen.
1219 4009 1259 4069 de
1278 4008 1362 4071 Red.

137 4117 208 4193 III,
235 4136 256 4197 9
290 4137 395 4198 nuper
427 4116 614 4178 defensores
644 4126 737 4179 nacta
762 4127 812 4179 est
836 4119 922 4181 viros
948 4119 1035 4181 doct.
1086 4119 1227 4181 Frankel
1252 4128 1362 4184 annot.

139 4245 207 4306 224
238 4227 279 4290 ad
313 4227 460 4289 Boeckh.
495 4236 528 4289 et
561 4228 712 4309 Lipsium
738 4229 780 4291 N.
806 4228 916 4307 Jahrb.
943 4230 962 4291 s.
991 4228 1072 4291 Phil.
1105 4231 1189 4307 1878
1215 4251 1248 4311 p.
1277 4247 1361 4310 294;

135 4358 245 4419 neque
269 4347 378 4401 tamen
403 4336 482 4398 mihi
508 4337 724 4419 persuadetur
749 4338 869 4401 nullius
895 4341 1052 4402 momenti
1078 4340 1177 4402 luisse
1199 4361 1311 4416 casuS,
1332 4343 1362 4401 in

136 4450 344 4531 navigatione
369 4457 436 4511 tam
462 4449 584 4511 incerta
608 4448 817 4527 subeundos,
845 4451 887 4512 ad
912 4451 1170 4533 computandum
1197 4451 1299 4514 senus,
