3008 5296
727 508 768 574 54

184 708 311 769 Notum
336 715 385 768 est
409 709 560 788 antiquos
585 728 643 789 per
667 727 755 770 mare
780 709 967 789 navigantes
992 728 1090 788 quam
1106 707 1253 769 maxime
1270 706 1355 768 litori

136 818 398 901 appropinquare
422 818 536 879 solitos
560 838 633 879 esse
657 838 796 899 raroque
819 823 959 894 πελαγίους
977 838 1048 880 esse
1064 825 1188 881 vectos.
1209 817 1248 880 cf.
1269 817 1356 879 Xen.

137 930 225 993 Hell.
253 944 376 1007 2,1,17.

187 1057 236 1102 12,
287 1043 550 1114 Παντικάπαιον,
584 1038 682 1100 hodie
715 1038 874 1114 Kertsch,
910 1039 987 1101 urbs
1020 1041 1052 1101 in
1085 1039 1236 1120 Bosporo
1269 1037 1357 1100 Cim-

135 1152 237 1213 merio
267 1151 344 1224 sita,
374 1157 472 1230 caput
496 1151 587 1230 regni
613 1150 811 1231 Bosporani,
838 1151 869 1210 in
894 1150 1015 1230 angulo
1040 1149 1185 1211 orientali
1214 1148 1358 1211 Cherso-

135 1263 203 1323 nesi
229 1260 385 1322 Tauricae
410 1280 452 1321 ex
476 1259 614 1322 adverso
644 1259 882 1341 Phanagoriae,
902 1260 1030 1323 colonia
1047 1259 1254 1322 Milesiorum
1274 1259 1359 1321 Am-

137 1374 231 1434 mian.
267 1371 369 1433 Marc.
397 1371 493 1447 22,8;
524 1369 641 1433 Strabo
667 1384 786 1450 7,310;
818 1383 949 1450 11,495.
991 1370 1094 1432 Aliud
1118 1372 1188 1432 eius
1213 1390 1357 1445 nomen,

136 1493 172 1546 ut
196 1503 294 1565 supra
318 1483 346 1565 (ξ
369 1482 423 1561 10)
448 1482 608 1557 diximus,
635 1490 684 1543 est
710 1485 860 1555 Βόσπορος.

186 1598 352 1652 θεοδνσιά
383 1592 434 1673 (cl.
470 1592 513 1653 D.
549 1592 663 1671 20,33)
694 1590 793 1653 hodie
826 1590 938 1666 Kaisa,
977 1598 1044 1652 erat
1081 1590 1157 1652 urbs
1189 1590 1232 1652 ad
1264 1611 1359 1652 oram

96 1702 99 1707 ’
136 1703 379 1767 meridionalem
398 1700 591 1764 Chersonesi
609 1703 756 1777 Taurici,
776 1702 904 1763 colonia
922 1702 1141 1776 Milesiorum,
1160 1722 1179 1763 a
1196 1702 1360 1763 Leucone

136 1836 238 1897 regno
256 1815 447 1894 Bosporano
464 1813 589 1874 adiecta
604 1822 704 1894 atque
721 1813 752 1874 in
769 1813 905 1893 emporii
924 1833 1019 1874 usum
1036 1832 1202 1874 conversa.
1227 1812 1361 1874 Multae

136 1927 308 2006 variaeque
341 1945 384 1985 ex
416 1923 467 1985 his
500 1923 633 1985 urbibus
665 1944 790 1985 merces
824 1923 1078 2004 exportabantur
1109 1923 1282 1997 Athenas;
1318 1923 1359 1986 cf.

139 2035 338 2107 Hiillmann,
367 2031 628 2114 Handelsgesch.
654 2053 686 2114 p.
711 2051 790 2111 144,
816 2032 896 2111 146;
923 2032 1207 2108 Biichsenschiitz,
1227 2033 1305 2096 Bes
1326 2055 1359 2096 u.

139 2146 224 2208 Erw.
250 2166 282 2227 p.
309 2146 375 2222 428
402 2165 427 2206 s.

190 2270 239 2335 15.
289 2262 305 2313 ἃ
325 2259 450 2331 ἔτυχεν
469 2260 597 2312 ἐνόντα·
617 2260 740 2311 ἐνεῖναι
760 2260 804 2314 δέ.
840 2254 943 2315 Vides
963 2253 1016 2315 hic
1033 2256 1150 2316 iustam
1167 2263 1362 2334 epanastro-

137 2366 224 2450 phen
253 2364 317 2451 (vel
338 2372 518 2440 ἀναστροφήν,
533 2369 751 2439 ἐπαναδίπλωσιν,
781 2364 1070 2444 reduplicationem,
1099 2364 1360 2446 regresszbnem),

139 2499 222 2560 quae
246 2498 265 2539 a
289 2485 397 2539 vetere
414 2474 543 2536 rhetore
560 2474 777 2556 (Hermogen.
797 2475 848 2553 II,
870 2475 935 2556 336
953 2473 1109 2557 Spengel)
1123 2484 1195 2537 tum
1213 2476 1362 2537 existere

139 2590 255 2651 dicitur
275 2594 337 2646 ὅταν
358 2593 389 2644 τὸ
409 2591 482 2651 τέλος
505 2593 554 2643 τοῦ
572 2589 657 2643 κώλου
671 2591 767 2660 ἑτέρου
781 2591 864 2644 κώλου
879 2611 915 2652 τις
931 2593 1018 2663 ἀρχὴν
1032 2595 1174 2661 ποιήσηται.
1200 2585 1362 2648 Alterum

139 2700 321 2762 membrum
353 2697 546 2780 plerumque
578 2716 636 2778 per
670 2700 701 2752 δέ
732 2696 861 2780 (Latine
892 2696 1009 2778 atatem)
1040 2696 1219 2759 inducitur:
1257 2698 1362 2778 8‚25;

145 2813 260 2889 18,13;
300 2822 360 2889 353
398 2807 436 2869 cl.
474 2824 561 2887 23,4.
603 2807 880 2868 Venustlssimum
917 2807 1106 2889 exemplum
1139 2806 1236 2869 Ovid.
1275 2809 1362 2872 Met.

141 2921 242 3002 6,376
275 2920 316 2983 de
348 2920 450 2982 ranis:
484 2919 631 3000 quamvis
663 2919 727 2979 sint
754 2919 815 2981 sub
839 2938 940 3001 aqua,
966 2918 1028 2980 sub
1052 2938 1136 3001 aqua
1160 2918 1364 2982 maledicere

139 3040 308 3112 temptant.
334 3030 373 3092 cs.
400 3028 517 3092 Straub
542 3029 609 3109 (De
632 3030 735 3110 tropis
760 3028 836 3114 cet.)
860 3050 892 3111 p.
924 3042 1004 3108 1153
1030 3029 1236 3105 Volkmann,
1266 3030 1363 3092 Rhe-

139 3137 251 3219 torik²,
277 3162 309 3224 p.
335 3157 398 3219 471
428 3161 452 3202 s.
478 3139 517 3215 f.;
543 3137 704 3202 Gebauer.
728 3139 884 3221 Append.
910 3139 951 3202 ad
977 3141 1055 3220 Lys.
1087 3140 1194 3216 12,68.

193 3267 242 3332 15.
291 3259 447 3330 τάριχος.
485 3249 686 3313 Salsamenta
710 3251 844 3313 Pontica
866 3259 943 3313 nota
968 3259 1060 3312 sunt:
1083 3248 1198 3313 Strabo
1218 3252 1364 3330 3‚144,6

142 3364 296 3427 Hiberica
320 3363 514 3426 salsamenta
536 3368 607 3422 tum
632 3360 691 3421 sibi
717 3360 878 3423 uberrime
902 3361 1035 3424 laudare
1059 3360 1200 3436 videtur,
1224 3381 1364 3425 cumea

140 3483 236 3537 vocat
267 3479 299 3533 οὐ
327 3480 415 3553 χείρω
441 3487 493 3533 τῶν
519 3477 655 3532 Ποντικῶν.
688 3471 726 3534 cl.
753 3471 794 3534 lb.
827 3490 965 3553 11,493;
991 3471 1114 3535 Athen.
1140 3471 1191 3534 ΠΙ
1216 3493 1248 3554 p.
1283 3474 1363 3537 116.

140 3587 208 3649 VII
233 3608 265 3667 p.
293 3587 357 3664 278
385 3583 421 3648 C.
448 3583 528 3646 Plin.
555 3582 616 3646 IX.
644 3596 756 3662 20,50.

193 3710 242 3776 15.
291 3699 379 3763 οἶνος
407 3699 510 3771 Κῳος.
536 3692 653 3755 Strabo
683 3693 862 3775 14,657,19
887 3694 928 3756 de
952 3693 1057 3757 insula
1079 3692 1145 3756 Co:
1172 3695 1309 3767 εὔκαρπος
1333 3699 1366 3752 δὲ

141 3817 227 3881 πᾶσα,
250 3809 307 3884 οἴνῳ
331 3811 360 3864 δὲ
383 3808 425 3864 καὶ
444 3790 550 3881 ἀρίστή.
575 3803 697 3866 Athen.
724 3804 756 3880 I,
783 3824 811 3866 c.
839 3818 898 3884 25;
925 3804 1053 3866 Aelian.
1083 3822 1191 3884 12,31.

193 3933 243 3996 15.
292 3919 346 3974 καὶ
371 3921 439 3973 ἀλλ’
465 3920 549 3973 ἄττα
575 3924 610 3977 ut
639 3931 778 3995 19,210;
805 3931 925 3995 23,72;
953 3916 1029 3992 22‚8
1054 3919 1127 3991 ἕτερ’
1147 3919 1223 3973 ἄπα.
