3008 5296
821 492 866 570 64

230 695 343 764 κοῦργος
366 696 508 764 σοφιστής,
530 704 646 767 3‚200:
664 694 810 762 κακοῦργος
833 687 974 762 ἄνθρωπος
996 688 1037 744 καὶ
1057 695 1177 765 τεχνίτης
1201 694 1285 766 λόγων
1305 700 1451 755 vocatur,

232 799 270 861 cf.
296 798 391 860 Wolf
407 797 449 860 ad
475 799 604 879 Leptin.
629 818 662 880 p.
690 815 766 876 334.
816 797 938 858 Weber
961 797 1002 859 ad
1027 796 1187 862 Aristocr.
1213 799 1228 882 ᾗ
1257 818 1286 863 2.
1340 801 1452 865 Stallb.

230 909 272 971 ad
298 909 377 972 Plat.
405 931 435 972 u.
457 930 482 972 S.
510 907 698 970 Secundum
723 894 800 969 iuris
825 928 972 969 normam
997 908 1085 970 aliud
1107 910 1266 991 significat
1287 922 1453 990 κακοῦργος,

230 1021 304 1082 vide
328 1020 369 1082 ad
394 1024 482 1099 §47.
520 1027 642 1095 σοφιστής
667 1039 745 1081 vero
770 1021 950 1101 antiquiore
973 1028 1122 1101 ternpore
1147 1042 1222 1083 cum
1248 1023 1349 1084 laude
1371 1024 1456 1085 dice-

230 1131 339 1207 batur,
357 1139 455 1212 atque
472 1132 518 1191 sic
535 1131 632 1192 etiam
649 1128 821 1191 adhibetur
837 1129 878 1191 ab
896 1129 996 1192 Isocr.
1016 1147 1069 1209 4,3
1090 1131 1144 1192 ubi
1162 1133 1235 1193 vide
1254 1131 1455 1209 Schneider,

231 1243 327 1303 etiam
352 1239 466 1329 (Dem)
495 1254 589 1321 59,21
615 1241 683 1302 sine
707 1241 944 1322 vituperatione
970 1243 1065 1304 Λυσίας
1090 1248 1248 1318 όσυφιστής
1276 1242 1411 1306 dicitur,

743 1487 942 1495 -———

793 1686 807 1761 i
833 1699 888 1760 40·

279 1924 330 1968 21.
379 1910 423 1976 μὰ
442 1912 498 1963 τὸν
519 1910 576 1962 Διά
596 1910 650 1963 τὸν
670 1905 806 1962 ἄνακτα.
852 1903 921 1965 Iam
940 1903 1066 1965 Libanii
1082 1911 1231 1986 tempore
1248 1909 1455 1987 grammatici

229 2017 361 2100 quidam
394 2014 568 2078 haeserunt
596 2017 628 2077 in
654 2013 704 2076 his
728 2013 834 2076 verbis
859 2014 978 2095 quibus
1003 2013 1246 2078 confirmaretur
1270 2019 1455 2080 orationem

230 2150 301 2191 esse
327 2129 488 2210 spuriam,
515 2127 568 2188 ille
592 2146 670 2188 vero
695 2123 747 2209 (cf.
772 2123 927 2210 Argum.)
953 2125 1039 2187 dicta
1063 2127 1227 2188 existimat
1252 2133 1320 2184 κατὰ
1340 2135 1387 2203 τὴν
1408 2136 1456 2186 τοῦ

229 2247 373 2314 προσώπου
393 2246 443 2295 τοῦ
461 2242 629 2308 ὑποκειμένου
650 2245 791 2312 συνήθειαν.
842 2235 902 2298 Cui
926 2246 1119 2318 argumento
1144 2237 1350 2318 aliquatenus
1377 2259 1455 2300 con-

231 2349 301 2411 cedi
327 2357 453 2432 potest;
479 2356 604 2431 pugnat
627 2356 736 2410 tamen
761 2347 841 2410 illud
866 2349 933 2410 ἅναξ
958 2368 1034 2409 cum
1058 2349 1230 2409 atticorum
1252 2350 1453 2430 scriptorum

228 2481 289 2524 usu
315 2462 346 2522 in
371 2461 518 2522 oratione
542 2459 648 2521 soluta
668 2459 851 2521 observato.
886 2458 971 2520 Nam
989 2458 1077 2539 quod
1095 2458 1195 2520 lsocr.
1214 2474 1292 2539 9,72
1313 2460 1453 2540 legitur,

230 2570 330 2653 Cypri
364 2571 431 2633 ἅναξ
463 2569 650 2651 regulorum
683 2590 802 2632 nomen
835 2578 919 2644 erat,
949 2577 985 2631 ut
1009 2570 1210 2631 demonstrat
1234 2569 1359 2632 Athen.
1388 2570 1450 2633 VI.

228 2704 260 2764 p.
288 2680 399 2760 256A.
426 2681 537 2762 Atque
563 2680 731 2742 Ktihnlein
752 2677 841 2764 (diss
861 2681 914 2741 De
930 2682 961 2741 vi
979 2689 1012 2742 et
1027 2699 1087 2742 usu
1104 2680 1257 2762 precandi
1273 2689 1306 2743 et
1325 2681 1453 2743 iurandi

228 2792 437 2855 formularum
455 2801 516 2853 cet.
548 2791 710 2853 Neustadt
732 2790 842 2876 1882.)
860 2792 1047 2853 exscribens
1064 2812 1096 2872 p.
1118 2809 1134 2870 3
1155 2812 1222 2873 seq.
1241 2793 1351 2853 omnia
1369 2778 1465 2854 iura!

228 2913 337 2966 menta
352 2904 440 2986 apud
458 2902 572 2964 decem
591 2911 735 2965 oratores
748 2902 878 2964 Atticos
892 2911 1044 2984 usurpata
1056 2902 1137 2964 haec
1152 2903 1271 2964 indicat
1284 2923 1454 2985 eponyma

229 3015 334 3078 Iovis:
361 3022 452 3090 σωτήρ
476 3012 566 3098 (Din.
592 3029 684 3093 3,15;
712 3012 799 3099 1,36)
825 3017 962 3084 ’θλύμπιος
986 3010 1122 3098 (Aesch.
1142 3027 1189 3092 1,5
1199 3027 1231 3092 53
1252 3013 1309 3090 76;
1332 3028 1453 3094 3,255;

231 3127 327 3188 Dem.
355 3127 493 3207 24,121)
517 3131 640 3201 μέγιστος
666 3124 730 3208 (Ps.
759 3125 856 3188 Dem.
883 3125 977 3208 48,2)
1001 3128 1081 3189 ξένιος
1107 3126 1226 3209 (Epist.
1255 3126 1331 3209 5,1).

277 3237 315 3298 In
348 3237 581 3299 Demosthenis
614 3237 813 3299 orationibus
845 3237 949 3299 multo
982 3236 1076 3319 plura
1109 3239 1288 3299 iuramenta
1318 3238 1454 3301 obviam

230 3368 425 3430 essequam
450 3350 481 3409 in
505 3348 644 3410 aliorum
669 3357 853 3424 oratorum,
880 3350 943 3410 iam
968 3350 1098 3431 saepius
1124 3348 1385 3411 demonstratum
1404 3360 1455 3413 est

229 3459 346 3542 (Blass.
379 3458 450 3522 Att.
485 3458 600 3522 Bered.
635 3458 704 3536 ΙΙΙ,
737 3477 771 3536 1,
797 3480 829 3542 p.
858 3475 919 3540 79,
951 3473 1024 3540 153.
1074 3458 1166 3541 Sigg.
1194 3481 1224 3522 u.
1250 3480 1275 3522 s.
1301 3480 1334 3542 p.
1361 3479 1452 3539 421,

228 3571 304 3652 alii).
356 3570 394 3632 In
418 3590 532 3632 eorum
556 3580 665 3632 autem
690 3591 787 3632 usum
811 3572 930 3652 quibus
952 3570 1006 3632 illa
1023 3571 1149 3633 dissert.
1167 3591 1232 3632 non
1250 3572 1280 3631 in
1298 3573 1454 3634 manibus

229 3690 295 3758 est,
314 3701 467 3743 numeros
483 3681 665 3742 adscribam
683 3700 766 3762 quos
783 3682 984 3762 computavit
1001 3680 1188 3742 Ktihnlein:
1207 3680 1453 3763 Antiphontem

229 3792 330 3853 semel
362 3791 569 3852 iureiurando
603 3792 666 3868 uti,
700 3791 750 3853 bis
782 3791 1008 3867 Andocidem,
1040 3791 1152 3853 novies
1173 3786 1329 3871 Lysiam,
1356 3795 1453 3874 quin-

229 3904 321 3984 quies
354 3903 462 3963 decies
487 3901 633 3978 Isaeum,
660 3911 709 3964 ter
734 3903 943 3984 Lycurgum,
969 3911 1018 3964 ter
1044 3902 1265 3984 Hyperidem,
1293 3904 1454 3968 undecies

229 4012 450 4089 Dinarchum,
493 4011 774 4095 undequadragies
814 4012 1033 4089 Aeschinem,
1072 4012 1332 4074 Demosthenem
1370 4036 1452 4078 vero

228 4124 339 4209 (atque
364 4124 566 4205 Pseudo-D.)
591 4125 617 4184 si
642 4132 674 4185 et
697 4144 812 4206 preces
837 4133 870 4186 et
893 4124 1048 4187 formulae
1074 4125 1197 4186 iurandi
1221 4123 1450 4204 includuntur,

228 4256 293 4299 non
318 4236 424 4297 minus
449 4255 545 4317 quam
568 4236 740 4297 trecenties
757 4235 874 4298 semel!
902 4235 1063 4298 Isocrates
1080 4238 1117 4298 iis
1134 4257 1266 4319 prorsus
1281 4237 1451 4304 abstinuit.

276 4347 329 4410 De
361 4351 405 4418 μά
438 4346 544 4428 Kriig.
570 4345 690 4428 69,34,
717 4347 856 4409 Ktihner
881 4347 913 4409 ΙΙ
938 4368 970 4430 p.
996 4347 1082 4430 699;
1108 4350 1238 4431 negatio
1263 4349 1292 4411 ei
1318 4369 1453 4434 semper

228 4458 356 4522 additur
380 4467 520 4542 excepto
545 4458 619 4521 loco
643 4458 800 4523 Aeschin.
832 4461 917 4539 1,88.
