3008 5296
714 517 777 559 XIII

135 698 248 754 serunt
279 696 334 754 vix
368 694 436 754 eius
470 695 591 754 mentio
626 693 701 754 fiat?
752 692 960 773 Quamquam
996 699 1083 752 recte
1116 690 1359 772 Apollodorum

134 805 332 864 convincunt
363 803 548 863 testimonia
558 823 565 877 ;
600 802 675 877 sed,
711 821 785 863 cum
815 809 947 862 avectus
972 809 1058 861 esset
1084 798 1220 875 Chium,
1248 801 1358 862 Lacri-

134 923 205 974 tum
238 933 413 994 aggressus
445 898 495 973 est
527 912 730 987 Androcles,
765 913 815 973 cui
849 911 1002 986 fortasse,
1038 919 1073 972 ut
1103 912 1248 986 conici0,
1275 909 1358 972 hanc

135 1043 267 1105 quoque
292 1024 334 1084 ob
360 1043 490 1084 causam
516 1022 757 1104 properandum
782 1030 867 1097 erat,
895 1022 983 1102 quod
1000 1022 1193 1102 sponsiones
1210 1021 1241 1082 in
1258 1041 1358 1082 unum

134 1144 261 1196 tantum
293 1154 413 1195 annum
437 1134 587 1196 valebant
611 1130 697 1216 (vide
722 1133 830 1213 Iegem
855 1132 942 1213 apud
967 1128 1093 1216 (Dein.)
1121 1149 1182 1211 33,
1211 1147 1271 1209 27:
1298 1136 1356 1194 τὰς

135 1251 262 1320 ἐγγύας
277 1249 457 1308 ἐπετείους
479 1242 578 1329 εἶναι)
589 1266 596 1319 ;
624 1244 841 1325 spopondisse
866 1250 974 1304 autem
997 1242 1162 1303 Lacritum
1179 1262 1239 1323 pro
1257 1241 1357 1303 fratri-

134 1355 196 1415 bus
221 1355 252 1414 in
277 1355 385 1415 animo
411 1351 551 1415 habebat
575 1354 781 1415 contendere.
825 1353 902 1434 Quo
928 1353 962 1414 fit
982 1362 1018 1414 ut
1033 1354 1218 1414 testImonia
1235 1362 1308 1414 ante
1327 1354 1357 1413 in

136 1464 381 1546 Apollodorum
407 1464 481 1525 data
505 1466 707 1545 prolerantur
732 1465 773 1526 ad
798 1485 836 1526 ea
860 1463 1028 1545 probanda
1054 1483 1136 1544 quae
1162 1464 1229 1524 iure
1254 1464 1286 1524 in
1304 1463 1358 1525 de-

136 1576 276 1638 bitorem
308 1574 547 1636 fraudulentum
581 1575 744 1650 dicantur,
773 1575 832 1636 sed
856 1575 897 1636 ad
923 1575 1132 1656 sponsionem
1160 1573 1238 1635 nihil
1263 1575 1360 1655 perti-

136 1694 243 1747 neant.
294 1685 407 1766 Itaque
440 1685 647 1746 consentiunt
679 1705 745 1746 non
776 1685 907 1766 quidem
933 1705 1007 1745 cum
1032 1685 1177 1746 oratione
1202 1685 1260 1746 sed
1286 1704 1360 1745 cum

137 1816 269 1857 conexu
305 1816 412 1857 rerum
449 1816 492 1856 ex
529 1797 675 1857 oratione
710 1816 837 1857 summa
870 1816 945 1857 cum
980 1797 1156 1876 sagacitate
1189 1795 1358 1857 eliciendo

139 1907 240 1987 Quod
265 1908 290 1967 si
317 1907 403 1967 dicat
427 1908 498 1987 quis
523 1906 686 1968 falsarium
711 1906 818 1982 illum,
845 1908 899 1988 qui
924 1916 959 1968 ut
983 1906 1077 1967 nobis
1098 1906 1206 1967 lucum
1223 1906 1358 1982 faceret,

136 2018 249 2079 titulos
281 2017 424 2098 lapidum
458 2019 556 2078 etiam
589 2019 766 2098 inspexerit
791 2015 867 2101 (qua
892 2018 1060 2098 diligentia
1085 2037 1158 2078 raro
1183 2018 1280 2079 etiam
1304 2039 1360 2080 an-

136 2130 217 2209 tiqui
252 2148 358 2189 rerum
392 2129 566 2210 scriptores
599 2130 647 2189 usi
681 2127 767 2213 sunt)
800 2149 840 2190 eo
873 2148 1003 2211 quoque
1029 2148 1124 2189 curae
1148 2149 1359 2210 progressum

138 2260 227 2315 esse,
264 2241 317 2320 qui
351 2238 385 2299 fit
417 2248 452 2299 ut
483 2240 705 2301 testimonium
738 2240 826 2321 quod
852 2239 866 2313 ξ
893 2258 935 2319 34
960 2239 1077 2320 legitur
1102 2258 1211 2300 rursus
1236 2249 1360 2321 pugnet

138 2370 213 2412 cum
239 2352 401 2425 orati0ne,
429 2358 461 2411 et
485 2359 609 2431 pugnet
633 2352 663 2412 in
689 2371 723 2411 re
748 2351 865 2412 nullius
891 2351 1047 2411 momenti
1066 2346 1117 2434 (cf.
1136 2350 1260 2436 annot.)
1278 2372 1360 2434 quae

137 2461 231 2522 facile
254 2461 440 2523 transscribi
466 2467 600 2542 posset?

185 2572 297 2655 Atque
329 2593 369 2634 ne
402 2573 434 2633 id
464 2573 595 2654 quidem
621 2582 823 2635 momentum
848 2573 946 2635 habet
971 2575 1059 2655 quod
1084 2574 1359 2656 optimuscodex

138 2687 162 2740 Σ
193 2685 256 2744 litis
289 2685 500 2745 instrumenta
532 2686 669 2759 omittit;
703 2686 735 2746 in
768 2705 833 2767 quo
866 2686 979 2747 codice
1013 2706 1208 2767 quamquam
1243 2686 1360 2747 desunt

139 2796 308 2857 Lacriteae
333 2803 365 2855 et
390 2795 608 2857 Macartateae
633 2804 665 2857 et
690 2797 844 2857 orationis
869 2797 985 2877 prioris
1012 2799 1042 2858 in
1069 2796 1271 2878 Stephanum
1295 2805 1358 2857 tes-

137 2909 273 2969 timonia
305 2914 385 2982 cet.,
419 2915 451 2967 at
484 2906 634 2987 leguntur
668 2916 780 2969 contra
812 2928 850 2968 ea
883 2927 965 2990 quae
990 2908 1099 2969 addita
1124 2916 1198 2969 sunt
1223 2907 1359 2968 orationi

138 3020 170 3079 in
205 3017 383 3092 Neaeram,
417 3026 452 3078 ut
482 3026 608 3078 taceam
642 3018 682 3078 de
713 3018 852 3099 publicis
885 3010 1083 3080 orationibus
1117 3038 1252 3100 quarum
1285 3037 1360 3099 spu-

138 3132 201 3190 rias
233 3138 341 3209 partes
370 3128 423 3189 ille
448 3128 599 3208 religiose
624 3131 772 3190 servavit:
822 3127 876 3190 Sic
902 3130 998 3190 etiam
1024 3128 1142 3190 lactum
1169 3138 1218 3190 est
1242 3137 1276 3190 ut
1301 3149 1359 3189 nu-

139 3240 219 3300 meri
254 3238 433 3300 stichorum
468 3240 639 3321 (quidquid
674 3249 749 3301 sunt
783 3246 887 3317 στίχοι,
928 3241 968 3301 de
1004 3241 1121 3321 quibus
1156 3261 1274 3321 magna
1307 3249 1357 3301 est

138 3350 371 3430 controversia)
395 3350 567 3430 subscripti
592 3349 642 3410 his
667 3349 865 3412 orationibus
891 3350 922 3411 in
949 3348 1071 3412 Codice
1097 3353 1206 3412 Itum
1225 3351 1357 3412 demum

138 3480 213 3521 cum
238 3462 379 3523 numeris
404 3480 557 3522 versuum
587 3462 738 3522 editionis
764 3462 1007 3524 Teubnerianae
1032 3463 1235 3544 conspirent,
1263 3464 1289 3524 si
1315 3483 1357 3523 ex

138 3572 338 3633 orationibus
367 3573 398 3634 in
424 3573 536 3647 Lacr,
565 3572 720 3649 Macart,
747 3571 860 3654 Steph.
887 3573 901 3634 Ι
928 3574 1100 3635 demuntur
1125 3575 1353 3648 instrumenta,

138 3684 197 3745 sed
228 3692 395 3745 servantur
428 3685 459 3745 In
492 3705 539 3746 or.
572 3685 645 3746 adv.
680 3684 840 3746 Neaeram
873 3685 974 3767 (quod
1007 3687 1249 3766 computatione
1274 3685 1356 3747 facta

138 3796 372 3856 demonstravit
405 3795 514 3871 BlasS,
550 3795 668 3857 Rhein.
704 3796 790 3857 Mus
818 3795 859 3858 N.
887 3796 924 3858 F.
952 3797 1055 3876 1869,
1082 3819 1114 3879 p.
1144 3810 1210 3876 524
1235 3797 1355 3878 seqq.);

139 3927 203 3968 non
229 3908 314 3968 enim
348 3907 436 3988 quod
461 3907 553 3968 Blass
579 3907 647 3968 vult
672 3917 842 3989 corruptus
868 3917 918 3969 est
942 3929 1094 3969 numerus
1120 3910 1151 3970 in
1175 3910 1356 3990 posteriore

139 4019 301 4093 oratione,
336 4018 394 4078 sed
426 4039 501 4081 cum
534 4039 577 4080 ex
609 4018 788 4100 archetypo
821 4021 1004 4081 transierim
1036 4020 1119 4081 illius
1151 4020 1355 4096 testimonia,

139 4151 220 4212 quae
245 4131 394 4211 primitus
418 4132 525 4211 posita
549 4140 617 4192 erat
640 4132 791 4212 proxime
819 4139 895 4212 post
919 4131 1064 4212 publicas
1089 4131 1141 4214 (cf.
1168 4131 1221 4193 W.
1248 4128 1358 4192 Christ

137 4241 305 4305 Abhandl.
340 4242 397 4303 der
422 4242 465 4304 K.
492 4243 607 4322 Bayer.
634 4236 743 4303 Akad.
771 4243 837 4304 der.
865 4242 917 4305 W.
945 4242 959 4303 Ι
987 4241 1035 4304 CI.
1064 4242 1147 4303 XVI
1174 4242 1276 4317 Bnd.,
1304 4242 1355 4303 III

138 4353 241 4415 Abth.
275 4374 306 4435 p.
343 4354 422 4434 200)
455 4355 487 4416 in
512 4355 661 4416 codicem
683 4359 719 4430 Σ,
750 4373 902 4416 numerus
927 4374 1079 4415 versuum
1104 4354 1199 4415 simul
1223 4354 1357 4416 transla-

137 4476 189 4530 tus
222 4474 288 4544 est,
323 4487 341 4528 e
370 4486 435 4549 quo
461 4476 703 4549 computaretur
727 4466 852 4529 scribae
877 4485 1020 4542 merces,
1046 4465 1119 4529 illae
1143 4467 1262 4530 alterae
1287 4486 1357 4529 ora·
