3008 5296
739 529 778 572 10

185 712 287 780 ήμᾱςε
320 722 374 764 me
398 711 431 765 et
455 705 582 766 socium
607 725 728 768 meum.
779 706 830 768 Ne
856 709 887 768 in
912 709 1062 789 genuinis
1086 708 1224 790 quidem
1250 711 1364 772 oratio·

138 813 233 875 nibus
267 833 424 893 umquam
457 835 613 876 numerus
646 815 779 897 pluralis
805 818 965 879 invenitur
990 818 1031 880 de
1056 840 1121 881 una
1145 840 1294 901 persona
1318 817 1365 902 (ne
1407 842 1409 847 ·

140 941 201 1003 23,
230 942 246 1004 3
274 923 426 1004 quidem,
453 924 491 986 cs.
518 925 668 1010 Weber);
695 946 767 988 raro
793 927 954 989 Isocrates
972 949 1048 990 eum
1073 931 1120 990 sic
1136 929 1291 1006 adhibet,
1311 932 1364 992 nisi

136 1034 218 1096 sorte
250 1034 292 1096 ad
324 1033 449 1096 hiatum
482 1035 670 1098 evitandum
703 1033 896 1118 (Schneider
928 1038 969 1099 ad
1003 1059 1042 1116 4,
1078 1039 1147 1122 14),
1183 1061 1365 1122 numquam

138 1144 256 1225 Lysias
288 1143 510 1226 (Frohberger
542 1145 583 1207 ad
618 1162 675 1221 12,
708 1145 801 1231 loo),
828 1147 1013 1210 Aeschines
1038 1149 1213 1230 aliquoties
1241 1149 1366 1236 (Weid-

136 1275 193 1316 ner
218 1255 259 1317 ad
287 1272 323 1334 3,
352 1253 396 1338 8).
447 1256 615 1317 Interdum
641 1257 935 1319 inconstantissime
960 1268 1106 1321 oratores
1129 1269 1306 1323 transeunt
1329 1262 1365 1323 ab

136 1363 200 1426 hoc
225 1366 341 1446 plurali
366 1365 408 1427 ad
433 1366 632 1446 singularem
658 1387 841 1430 numerum.
878 1369 1023 1431 Mdtzner
1048 1369 1088 1432 ad
1106 1370 1185 1433 Ant.
1207 1372 1257 1448 ΙΙ,
1281 1398 1317 1448 γ,
1337 1389 1363 1434 2.

185 1491 238 1552 27.
288 1478 340 1534 καὶ
366 1481 463 1546 ὑμᾶς.
497 1475 535 1538 cf.
567 1479 624 1552 18,
653 1478 713 1539 88:
740 1481 772 1533 τὸ
792 1481 821 1533 δὲ
841 1481 916 1546 ὑμεῖς
941 1483 1004 1535 ὅταν
1024 1483 1107 1554 λέγω,
1128 1486 1173 1555 τὴν
1192 1485 1269 1538 πόλιν
1291 1486 1364 1556 λέγω.

137 1584 321 1647 Commune
346 1585 410 1647 hoc
435 1594 484 1647 est
508 1595 675 1648 oratorum
700 1587 871 1649 artificium
897 1595 932 1647 ut
956 1597 1116 1649 conentur
1139 1588 1365 1653 demonstrare
1407 1594 1409 1599 '

135 1698 235 1758 totius
260 1696 375 1778 populi
401 1698 557 1758 interesse
582 1698 671 1779 ipsos
696 1717 794 1758 causa
818 1698 958 1759 vincere.

184 1822 237 1884 27,
286 1813 448 1880 βοηθεῖτε
474 1813 551 1882 ἡμῖν
578 1811 760 1868 τὰδίκαια.
803 1806 955 1870 Schoem.
982 1808 1024 1869 ad
1049 1808 1131 1872 Isae.
1160 1826 1198 1887 7,
1228 1829 1250 1888 4
1276 1808 1363 1872 com·

135 1926 227 1999 parat
250 1916 311 1977 Ar.
337 1914 424 1976 Ach.
451 1914 536 1994 655:
563 1923 697 1992 κωμῳδεῖν
716 1922 750 1974 τὰ
770 1921 869 1988 δίκαια,
896 1919 986 1999 quod
1012 1920 1053 1980 sit
1082 1927 1263 1996 κωμῳδοῦντα
1283 1925 1363 1996 λέγειν

135 2032 168 2084 τὰ
194 2031 288 2085 actaea.
338 2025 468 2086 Plenius
501 2026 620 2107 legitur
649 2041 708 2105 54,
743 2043 805 2103 42:
840 2034 945 2102 βοηθεῖν
972 2030 1013 2085 καὶ
1041 2033 1073 2085 τὰ
1096 2032 1181 2085 δίκαια
1202 2035 1361 2088 ἀποδιδόναε.

136 2135 378 2199 conferendum
407 2136 535 2198 videtur
560 2126 694 2212 συνεμγεῐν
714 2142 767 2193 τινί
781 2160 818 2209 τι,
840 2139 1030 2208 συλλαμβάνειν
1051 2141 1084 2192 τὰ
1104 2137 1203 2192 novara
1224 2143 1261 2212 τῇ
1275 2140 1363 2210 noles,

136 2248 196 2310 Ar.
223 2247 314 2310 Eccl.
342 2246 426 2323 861,
454 2250 539 2324 τούτῳ
560 2252 594 2304 τὰ
614 2253 701 2322 ψευδῆ
727 2246 809 2307 Isae.
836 2264 871 2325 9,
901 2258 953 2324 25.
980 2245 1018 2307 cl.
1043 2244 1176 2326 Kriiger
1194 2243 1255 2321 46,
1279 2258 1313 2323 5,
1332 2263 1361 2321 4.

184 2359 400 2440 Imperativus
432 2363 595 2433 βοηθεῖτε
631 2366 707 2438 post
739 2364 832 2427 δέομαι
862 2365 897 2416 ut
926 2364 1002 2437 post
1034 2362 1091 2431 χρὴ
1124 2355 1203 2434 LyS.
1235 2371 1297 2433 30,
1324 2353 1361 2428 6;

136 2473 209 2532 ἄξων
243 2469 322 2549 Lys.
359 2481 419 2547 25,
457 2484 509 2529 20.
565 2466 762 2547 Plerumque
795 2465 914 2547 legitur
943 2472 1090 2540 βοηθήσας,
1126 2472 1255 2526 servata
1287 2485 1363 2525 con-

136 2580 331 2654 structione,
360 2587 394 2640 ut
419 2578 462 2640 D.
492 2593 532 2655 27
545 2598 558 2652 ,·
582 2595 620 2657 3;
652 2590 710 2655 54,
740 2594 757 2637 2
785 2584 846 2637 cet.
872 2576 923 2637 vel
949 2574 1030 2637 alius
1056 2574 1148 2637 Infin.
1177 2583 1212 2636 ut
1238 2592 1299 2651 40,
1327 2594 1362 2651 4;

139 2691 199 2769 38,
229 2682 258 2752 2.

713 3131 785 3211 ro.

183 3356 301 3437 Incipit
334 3356 474 3417 narratio
508 3351 635 3435 (διήγησις
671 3351 794 3415 Aesch.
831 3370 868 3428 2,
900 3351 974 3431 44),
1002 3371 1087 3432 quae
1111 3359 1182 3412 tum
1208 3353 1271 3413 erit
1297 3353 1367 3415 lau-

136 3466 242 3528 danda
266 3487 341 3528 cum
367 3475 417 3527 est
440 3466 562 3540 breviS,
590 3464 750 3538 dilucida,
776 3462 959 3525 verisimilis
985 3459 1066 3545 (Cic.
1090 3461 1131 3522 de
1149 3461 1219 3523 Inv.
1245 3479 1281 3539 1,
1303 3480 1366 3540 20,

139 3579 191 3639 28.
218 3575 338 3638 Cornil.
363 3575 405 3638 ad
433 3576 577 3637 Herenn.
610 3593 643 3650 1,
670 3594 709 3654 9,
742 3591 792 3651 14.
819 3572 1025 3648 Volkmann,
1054 3566 1210 3634 Rhetor.⁹
1233 3594 1268 3653 p.
1303 3589 1365 3654 153

135 3685 174 3771 s).
225 3686 321 3767 Quae
353 3687 489 3748 virtutes
522 3706 620 3766 quam
653 3705 718 3746 non
751 3685 953 3765 reperiantur
986 3684 1018 3744 in
1044 3684 1210 3758 Lacritea,
1236 3686 1368 3764 primus

135 3797 310 3878 adspectus
335 3797 571 3859 demonstrabit
595 3795 724 3857 tabulae
749 3815 814 3875 qua
839 3795 1020 3856 orationem
1046 3793 1255 3874 digessimus.
1302 3796 1368 3856 Im-

135 3908 247 3989 primis
280 3906 360 3968 illud
392 3915 604 3989 praeceptum
638 3903 692 3988 (ad
727 3906 872 3967 Herenn.
904 3905 923 3966 l.
951 3904 985 3990 l.)
1011 3925 1051 3965 ne
1075 3905 1125 3967 bis
1149 3911 1206 3965 aut
1230 3908 1369 3988 saepius

135 4018 223 4078 idern
253 4017 400 4078 dicamus
425 4037 559 4099 prorsus
584 4015 772 4097 neglectum
798 4016 890 4076 iacet.
942 4013 1096 4075 Dilucida
1120 4021 1231 4075 nostra
1259 4018 1369 4079 oratio

136 4124 375 4207 quadamtenus
412 4136 478 4201 est;
518 4125 576 4187 sed
614 4133 798 4206 spectantes
832 4125 902 4185 eius
935 4124 1160 4206 propositum,
1197 4136 1233 4184 ut
1268 4125 1371 4208 culpa

136 4236 257 4297 Lacriti
287 4236 348 4298 sub
374 4236 478 4298 oculis
503 4244 661 4318 ponatur,
688 4254 848 4315 negemus
872 4253 1007 4295 necesse
1032 4232 1139 4295 estid
1164 4237 1371 4297 successisse

136 4347 266 4408 oratori.
1146 4329 1150 4334 .

186 4459 238 4519 28.
288 4463 353 4534 ἐγὼ
372 4462 447 4534 γάρ.
496 4456 534 4518 ln
568 4456 659 4518 initio
692 4457 883 4518 narrationis
917 4475 989 4517 raro
1014 4454 1079 4516 hoc
1102 4461 1158 4530 γάρ
1183 4455 1369 4534 omittitur;
