3008 5296
742 281 778 342 13

130 459 295 518 oratione
328 478 433 539 paene
465 457 607 519 alienum
641 464 690 517 est
724 456 845 538 (Kriig.
881 454 1027 518 Gramm.
1058 456 1144 519 Dial.
1174 456 1233 536 56,
1265 474 1299 532 1,
1330 454 1371 540 5).

136 566 270 647 Neque
301 576 410 628 tamen
436 566 583 628 concedo
610 567 861 628 Westermanno
886 566 927 628 ad
953 566 996 629 D.
1023 585 1062 643 4,
1095 584 1131 646 13
1159 567 1252 642 talia,
1279 566 1376 647 quale

135 686 195 739 est
235 691 271 755 15
285 726 292 752 ,
333 695 366 739 1:
401 684 513 740 ἅπαντες
542 680 672 751 ὑπάρχειν
698 680 839 749 ἐγνωκότες
868 699 912 744 μοι
938 682 1039 733 δοκεῖτε
1068 677 1155 739 idem
1180 698 1253 739 esse
1276 685 1376 758 atque

135 789 299 860 ἐχαωκέναι;
326 787 454 849 videtur
478 789 611 860 ὑπάρχειν
635 783 678 844 ibi
703 783 903 864 significare:
929 796 1107 864 suppetere,
1133 787 1249 850 adesse.

198 911 250 971 14.
300 898 382 960 οἵοις
415 902 558 970 θηρίοις.
591 893 630 955 cs.
667 906 727 972 25,
766 895 825 972 58;
859 900 955 968 μιαρὸν
985 900 1016 951 τὸ
1047 900 1142 970 θηρίον
1172 899 1213 954 καὶ
1244 899 1374 966 ἄμεικτον.

139 1017 208 1084 953
245 1024 307 1083 44,
344 1007 404 1085 83;
443 1005 501 1082 58,
536 1022 599 1082 49,
635 1003 791 1066 Dinarch.
827 1021 860 1079 1,
898 1016 957 1082 50;
993 1002 1054 1064 hae
1083 1007 1272 1081 αἰσχρολαχίαι
1300 1005 1375 1087 plus

139 1115 249 1177 semel
274 1116 389 1178 obviae
414 1123 490 1176 sunt
500 1137 507 1190 ;
534 1114 572 1176 cf.
600 1118 615 1193 ξ
643 1133 703 1195 39,
731 1133 794 1192 4ο,
822 1113 885 1190 46,
912 1129 967 1191 47.

193 1225 279 1287 Mire
304 1224 391 1289 Uhle
416 1247 448 1308 p.
480 1242 561 1305 103:
590 1233 687 1308 „post
707 1229 811 1299 θηρίοις
830 1224 923 1286 deest
939 1225 1023 1281 οὖσι.”
1049 1222 1115 1285 Sed
1132 1224 1206 1286 vide
1224 1224 1374 1288 Kiihneri

139 1334 293 1399 Gramm.
321 1336 353 1398 II
379 1357 411 1419 p.
440 1354 502 1416 34,
534 1353 561 1398 1.
1207 1394 1211 1405 ,

197 1461 248 1526 15,
286 1447 546 1512 πεισθείς-καὶ
566 1448 950 1522 Λακρ.ἀναθεχομένου.
988 1443 1094 1525 Saepe
1119 1445 1163 1507 ita
1186 1444 1374 1527 adiungitur

139 1557 228 1621 Gen.
255 1557 373 1619 Absol.
405 1557 462 1631 18,
495 1573 558 1636 194
568 1577 576 1632 ;
605 1572 665 1631 21,
695 1553 761 1617 206
786 1563 847 1618 cet.
875 1564 907 1616 et
930 1556 1054 1618 Aecus.
1082 1555 1200 1618 Absol.
1229 1574 1289 1634 24,
1318 1572 1372 1637 73.

138 1670 219 1731 vide
253 1669 462 1749 Frohberger
485 1668 527 1728 ad
553 1668 633 1747 Lys.
665 1684 722 1743 12,
750 1666 813 1746 693
841 1665 1022 1729 Schneider
1045 1667 1087 1729 ad
1112 1667 1213 1730 Isocr.
1240 1687 1279 1748 9,
1310 1682 1371 1748 55,

140 1781 261 1862 Poppo
285 1780 327 1841 ad
353 1778 457 1840 Thuc.
486 1796 523 1858 3,
552 1779 613 1855 84,
642 1795 679 1853 2;
707 1778 840 1858 Kriiger
865 1777 1011 1841 Gramm.
1041 1777 1100 1857 56,
1133 1775 1190 1856 14,
1219 1797 1248 1841 2.

190 1891 325 1952 Tacitus
358 1890 447 1951 Ann.
483 1906 540 1966 14,
579 1906 621 1967 39
650 1898 753 1950 exte:
780 1909 845 1950 non
870 1890 992 1950 irritato
1017 1888 1113 1951 hoste
1138 1910 1246 1970 neque
1272 1890 1373 1952 laces-

138 2003 235 2063 situs
262 2001 446 2063 Weissenb.
474 2000 516 2060 ad
542 1999 613 2060 Liv.
645 2013 680 2077 5,
714 2001 770 2075 18,
802 2013 829 2078 5.

196 2128 247 2189 17.
298 2116 549 2188 ἀναδέχεσθαι,
573 2110 742 2188 spondere,
769 2112 900 2192 gravius
926 2131 1026 2192 quam
1048 2117 1240 2188 ὑπισχνεῖσθαι.
1267 2112 1371 2175 Bekk.

139 2222 273 2285 Anecd.
300 2243 332 2303 p.
360 2222 421 2296 82,
451 2237 512 2299 29;
539 2222 745 2282 ἀνάθεὲαι·οιόν
764 2223 897 2296 ἐχχύησαι.
916 2230 947 2283 et
964 2243 996 2303 p.
1018 2238 1097 2299 244,
1120 2232 1178 2298 251
1195 2224 1373 2297 ἐγγυητής·ό

139 2339 341 2410 ἀναδεχόμενος
364 2337 440 2404 δίκην.
466 2329 520 2392 Sic
546 2328 651 2391 Thuc.
679 2330 716 2405 8,
746 2331 783 2391 81
814 2351 839 2392 S.
865 2332 885 2394 s.
912 2352 987 2393 cum
1014 2331 1080 2407 Ins,
1113 2331 1192 2410 Lys.
1224 2347 1281 2409 13,
1311 2338 1370 2409 233

141 2460 205 2522 23,
234 2460 265 2520 9,
294 2450 329 2502 ut
354 2441 397 2502 X.
426 2439 514 2502 Hell.
542 2454 580 2517 7,
607 2457 645 2516 4,
675 2441 716 2519 38
742 2447 897 2523 ε’χχοιῐσθαι.
939 2442 1082 2503 Nomina
1106 2448 1216 2502 autem
1242 2438 1371 2500 fideius-

138 2572 255 2615 sorum
281 2547 346 2634 (ταν
366 2557 506 2626 αἰναοόχαν
533 2551 633 2612 Inscr.
661 2551 692 2611 in
718 2550 802 2613 Bull.
829 2552 871 2612 de
896 2551 988 2615 Corr.
1018 2551 1106 2614 Hell.
1133 2550 1182 2613 VI
1208 2571 1240 2632 p.
1267 2548 1310 2610 68
1331 2550 1371 2630 S.)

138 2663 339 2746 plerumque
363 2662 560 2742 recipiunter
584 2662 616 2721 in
640 2660 768 2722 tabulas
793 2672 997 2738 contractuS,
1024 2671 1060 2727 ut
1087 2679 1148 2742 33,
1178 2679 1194 2740 3
1203 2675 1238 2739 5;
1266 2661 1368 2721 Isocr.

145 2790 206 2851 17,
244 2789 304 2852 37;
338 2780 370 2833 et
402 2773 434 2832 in
468 2771 570 2833 Inscr.
605 2771 685 2832 infra
713 2772 754 2833 ad
781 2775 795 2850 ξ
826 2790 866 2834 10
891 2773 1021 2836 laudata
1032 2796 1039 2849 ;
1066 2775 1098 2835 in
1122 2781 1235 2834 nostro
1260 2780 1369 2832 tamen

138 2893 312 2945 contractu
339 2883 458 2944 Lacriti
483 2903 603 2944 nomen
627 2883 728 2944 frusta
753 2904 902 2964 quaeres.
941 2885 1027 2947 Vide
1052 2904 1151 2966 quam
1174 2882 1297 2965 perfide
1313 2903 1370 2964 pe-

137 2997 219 3057 titor
244 2995 379 3055 misceat
404 3014 473 3054 res:
501 2993 578 3054 dicit
604 2993 771 3055 Lacritum
793 2995 1028 3077 spopondisse,
1048 2995 1138 3076 quod
1156 2997 1171 3072 ξ
1195 3008 1230 3072 15
1252 2995 1369 3074 repetit

137 3112 308 3185 augetque
318 3125 325 3180 ;
359 3124 473 3165 verum
506 3103 585 3165 nihil
617 3105 659 3165 ad
693 3104 887 3168 firmandum
910 3108 1089 3168 testimonii
1115 3105 1235 3180 adfert,
1261 3124 1369 3185 neque

138 3217 276 3278 recitata
307 3214 496 3296 syngrapha
529 3215 710 3296 quidquam
743 3215 869 3279 hiscere
901 3217 1018 3294 audet,
1054 3219 1159 3279 inesse
1185 3216 1305 3277 Lacriti
1333 3223 1369 3276 ut

137 3327 310 3409 sponsoris
334 3346 464 3388 nomen.

195 3453 245 3515 17.
294 3442 333 3493 τὰ
357 3441 469 3494 δίκαια
495 3446 531 3499 ut
556 3437 638 3499 Isae.
667 3439 704 3514 8,
737 3456 748 3500 1
778 3445 811 3497 τὰ
831 3445 858 3497 ἐκ
879 3451 931 3496 αιῦν
952 3446 1038 3509 νόμον
1058 3444 1155 3497 δίκαιαι
1183 3458 1263 3518 quae
1285 3435 1369 3515 leges

138 3549 224 3622 iusta
253 3569 316 3610 esse
333 3548 539 3628 praecipiunt
546 3571 553 3625 3
583 3549 643 3628 56,
668 3567 725 3611 12:
751 3555 785 3606 τὰ
804 3555 832 3606 ἐκ
853 3561 898 3625 τῆς
920 3561 1078 3625 συγγραφῆς
1101 3555 1191 3607 δίκαια.
1219 3547 1295 3610 ibid.
1324 3563 1366 3625 27

138 3668 222 3719 τοῦτο
252 3665 283 3717 τὸ
310 3664 404 3716 δίκαιον
430 3664 512 3725 αὐτός
540 3683 571 3717 συ
597 3672 686 3738 σαυτῷ
712 3661 823 3735 ὥρισας·
857 3668 971 3722 contra
1004 3666 1087 3717 πάντα
1114 3663 1199 3716 semea
1232 3659 1280 3721 nil
1309 3658 1372 3720 nisi

137 3771 266 3834 iustum.
302 3768 453 3833 Gebauer
481 3769 637 3852 Append.
670 3772 712 3833 ad
742 3772 821 3853 Lys.
854 3788 911 3848 12,
941 3789 1000 3851 33,
1028 3793 1060 3854 p.
1089 3770 1174 3847 226;
1201 3771 1239 3834 cf.
1268 3772 1366 3834 Dem.

141 3901 205 3959 21,
233 3897 294 3963 703
322 3883 423 3945 Isocr.
455 3883 512 3958 18,
544 3898 579 3943 11
610 3891 671 3945 cet.

654 4132 853 4140 ....--—-.--—-
