3008 5296
44 1064 47 1070 '
117 1067 173 1113 22.
223 1055 279 1107 ἐὰν
305 1052 407 1124 δὲ’μὴ
433 1055 604 1106 ἀποδῶσιν
629 1055 661 1106 ἐν
686 1059 730 1124 τῷ
750 1057 964 1126 συγκειμένῳ
985 1057 1108 1127 χρόνῳ.
1134 1051 1173 1112 cs.
1201 1052 1296 1113 inser.
1362 1060 1365 1067 '

58 1161 145 1223 Wa.
173 1161 187 1222 I
216 1177 276 1222 22:
302 1164 346 1215 ἐὰν
367 1162 396 1215 δὲ
415 1165 452 1233 μὴ
473 1163 630 1233 ἀπαδιῦσιμ,
653 1167 686 1219 et
704 1157 760 1220 Ca.
785 1176 866 1236 104:
884 1165 928 1216 ἐὰν
943 1164 973 1216 δὲ
986 1167 1024 1235 μὴ
1039 1167 1157 1218 ἀποδῶσι
1172 1167 1297 1237 πραχθή-

60 1295 159 1329 murac
183 1276 250 1328 κατὰ
276 1275 321 1328 τὸν
341 1276 435 1345 νόμον,
463 1270 494 1330 in
520 1268 668 1330 eiusdem
693 1277 784 1350 parte
810 1270 966 1331 Boeotice
992 1273 1194 1353 conscripta:
1220 1273 1248 1328 'll
1269 1279 1300 1329 δέ

60 1367 99 1439 κα
131 1382 176 1450 μεὶ
206 1387 321 1438 ἀποδόντι
351 1387 368 1436 ἁ
397 1385 470 1444 πόλις
499 1381 632 1455 Νικαρέτη
661 1385 693 1436 τὸ
720 1383 866 1454 ἀργιιύριαν
891 1386 918 1437 ἐν
943 1389 977 1438 τῦ
1002 1389 1176 1455 γεγραμμένω
1203 1390 1298 1458 γρύνω.

62 1493 158 1555 Vide
184 1494 280 1554 etiam
298 1512 345 1554 or.
366 1492 477 1571 5638.
518 1492 594 1552 Hoc
611 1499 661 1552 est
677 1493 850 1565 ὑπερήμερον
867 1491 934 1552 fieri
952 1507 1056 1572 47,49
1067 1515 1074 1568 ;
1093 1492 1133 1571 65
1149 1515 1156 1568 ;
1177 1495 1273 1567 21,81
1290 1516 1297 1568 ;

64 1618 193 1683 45,70;
230 1603 307 1684 336
319 1625 326 1678 ;
360 1612 422 1665 cet.
457 1603 498 1664 de
531 1623 596 1683 qua
628 1622 662 1664 re
696 1602 735 1664 cs.
764 1601 1124 1686 Mei.-Schoem.-Lips.
1151 1626 1183 1685 p.
1211 1607 1296 1684 695,

66 1715 137 1796 965
170 1735 185 1776 s
245 1713 352 1796 Saepe
380 1716 412 1776 in
444 1715 664 1776 contractibus
689 1715 890 1775 mercatoriis
916 1715 1065 1776 ineundis
1090 1735 1197 1796 poena
1222 1736 1299 1776 con·
1346 1743 1348 1746 ⁴

67 1826 215 1887 stituitur
240 1825 379 1906 duplicis
405 1824 523 1899 debiti,
549 1825 610 1885 nisi
635 1823 677 1886 ad
695 1824 781 1884 diem
799 1826 939 1904 pecunia
955 1825 1063 1887 soluta
1080 1827 1158 1887 erit:
1182 1826 1297 1904 56‚10;

69 1953 135 2008 203
164 1931 283 2015 34‚'26;
310 1935 348 1998 cf.
379 1949 496 2014 53.10;
528 1934 637 2013 5638.
688 1932 726 1994 In
752 1935 961 2014 inscriptione
985 1956 1064 1997 vero
1090 1937 1163 1997 Wa.
1192 1937 1205 1997 Ι
1232 1945 1298 1997 tarn

67 2065 188 2107 saevae
220 2043 431 2106 condiciones
466 2052 669 2119 statuuntur,
706 2051 741 2104 ut
765 2044 821 2104 vix
847 2044 1001 2106 credibile
1027 2046 1084 2120 sit,
1113 2045 1153 2106 de
1178 2032 1298 2126 quibus

68 2155 161 2218 infra.
211 2155 359 2216 Vocatur
391 2163 501 2216 autern
534 2160 694 2227 ἐμβάτευσις
727 2153 780 2214 illa
805 2155 917 2214 missio
943 2155 974 2215 in
999 2155 1086 2216 bona
1111 2155 1152 2216 de
1177 2176 1242 2236 qua
1266 2177 1297 2218 v.

69 2265 117 2328 26
141 2266 258 2347 agitur.
310 2263 668 2346 Mei.-Schoem.-Lips.
695 2263 780 2343 696;
806 2265 851 2345 (p.
879 2264 946 2344 966
969 2275 1078 2328 annot.
1100 2267 1161 2344 585
1181 2266 1299 2353 confir-

67 2387 138 2439 mat
163 2376 227 2437 hoc
251 2375 450 2437 vocabulum
476 2375 518 2436 ibi
544 2376 642 2436 etiarn
667 2374 813 2436 obtinere
839 2375 893 2435 ubi
919 2385 1035 2456 agatur
1057 2377 1097 2437 de
1114 2378 1211 2439 rebus
1230 2397 1299 2437 mo-

65 2484 254 2570 ventibus),
289 2505 387 2566 quam
419 2492 579 2560 ἐμβάιευσιν
612 2485 667 2565 qui
700 2484 879 2546 conabatur
913 2486 1071 2566 impedire
1095 2492 1240 2562 (ἐξάγειν),
1267 2488 1299 2548 in

67 2617 149 2659 eum
175 2602 230 2671 δίκη
256 2595 482 2657 intendebatur
506 2598 618 2670 ἐξούλης
645 2591 735 2677 (ibid.
762 2615 794 2675 p.
821 2594 889 2655 666
915 2594 997 2679 seq).

121 2723 175 2785 24.
225 2719 282 2782 τῆς
312 2710 540 2784 ὑπαρχούσης
569 2718 679 2781 τιμῆς.
717 2702 751 2766 5ἰ
777 2706 863 2766 enim
890 2707 1023 2767 minoris
1048 2707 1202 2767 veniisset
1227 2708 1299 2788 pig-

67 2838 152 2893 nus,
179 2817 321 2878 creditor
346 2825 379 2877 et
403 2815 462 2877 sibi
489 2824 521 2877 et
538 2804 684 2877 ¹debitori
710 2817 886 2878 nocuisset.

122 2927 175 2989 26.
224 2930 316 3000 παρὰ
342 2929 553 2998 Ἀρτέμωνος
580 2927 633 2982 καὶ
658 2928 721 2984 Ἀπ.
771 2925 847 2987 Non
880 2936 1031 2988 accurate
1057 2926 1164 2988 finitur
1190 2935 1299 2988 utrum

68 3046 211 3119 uterque
236 3044 362 3117 partem
386 3056 427 3096 an
453 3035 594 3096 solidum
620 3043 784 3116 praestare
810 3035 936 3097 debeat.
964 3037 1001 3097 cf.
1033 3036 1128 3115 56,45
1159 3038 1191 3096 in
1216 3038 1300 3097 eius-

69 3149 148 3210 dem
174 3149 302 3229 gene'ris
327 3154 513 3207 contractu:
541 3153 585 3221 τὴν
606 3149 635 3202 δὲ
655 3150 751 3217 πρᾶξιν
772 3146 835 3202 εἶναι
855 3148 896 3201 καὶ
910 3149 941 3209 ἐξ
955 3151 1011 3209 ἑνὸς
1030 3147 1071 3202 καὶ
1085 3151 1116 3209 ἐξ
1130 3152 1299 3220 ἀμφοτέρων.

70 3259 176 3320 Inscr,
204 3256 260 3319 Ca.
292 3271 373 3335 105:
399 3265 416 3332 ἡ
443 3264 472 3313 δὲ
498 3259 595 3329 πρᾶξις
623 3258 692 3311 ε”στω
719 3257 747 3310 ἔκ
770 3278 801 3310 τε
822 3258 910 3310 αὐτῶν
931 3267 983 3312 τῶν
1003 3261 1192 3324 δανεισαμένων
1212 3255 1253 3310 καὶ
1273 3259 1301 3310 ἐκ

70 3381 125 3426 τῶν
152 3370 269 3443 ἐγγύων,
294 3371 325 3431 ἐξ
351 3371 406 3432 ἑνὸς
434 3367 476 3422 καὶ
501 3371 529 3421 ἐκ
557 3368 680 3420 πλειόνων
706 3365 747 3419 καὶ
773 3368 801 3419 ἐκ
821 3368 922 3421 πάντων
942 3365 983 3420 καὶ
1003 3370 1103 3420 ἐκτῶν
1123 3367 1301 3439 ὑπαρχόντων

71 3481 164 3542 αὐτοῖς
191 3479 347 3553 πραττούσῃ
373 3482 401 3533 ὃν
427 3481 457 3532 ἃν
484 3481 582 3548 τρόπον
602 3476 737 3548 βούληται.
790 3474 884 3535 Haec
908 3475 950 3535 ad
975 3474 1170 3535 creditorem
1195 3481 1301 3534 tutan-

72 3589 153 3649 dum
179 3587 298 3649 diserte
322 3586 433 3648 addita
458 3593 542 3647 sunt.
570 3583 608 3645 cf.
636 3582 754 3645 Szanto
781 3606 811 3646 u.
838 3606 863 3646 S.
889 3606 922 3666 p.
951 3598 1027 3664 235.
1077 3584 1150 3646 Wa.
1179 3584 1211 3657 I,
1241 3600 1299 3660 24:

72 3699 115 3754 καὶ
131 3701 231 3759 ἐξέστω
245 3700 403 3770 πράξασθαι
418 3699 575 3770 Πραξικλεῖ,
602 3694 678 3755 ibid.
708 3707 767 3773 35:
795 3700 963 3751 ἀποτεισάτω
986 3697 1129 3766 [Ιραέαιλεῑ
1149 3730 1178 3737 -
1205 3729 1237 3738 -
1260 3692 1302 3749 καὶ

73 3810 191 3879 πρωκτὸς
219 3808 290 3861 ε”στω
316 3812 396 3861 ταῦτα
421 3809 452 3860 τὸ
473 3807 612 3879 ἀργύριον.
641 3804 679 3865 cs.
708 3805 759 3879 II,
792 3823 803 3866 1
834 3813 866 3865 et
896 3822 945 3882 14.
973 3811 1004 3864 et
1029 3803 1102 3864 Wa.
1130 3801 1162 3862 I:
1189 3801 1301 3874 πρακταὶ

73 3917 166 3980 ε”στωμ
187 3914 329 3986 Πραξικλεῖ
346 3915 373 3968 αι’
389 3919 426 3986 μὴ
446 3919 589 3978 ἀποδύντες
610 3919 638 3970 ἐι
659 3926 711 3971 τῶν
733 3917 803 3971 ἰδίων
824 3918 920 3989 πράξει
939 3926 1025 3989 πααῆι.
1056 3913 1093 3973 In
1118 3914 1212 3972 inser.
1238 3912 1299 3989 148

73 4042 127 4103 ap.
154 4018 260 4082 Cauel'
284 4042 316 4102 p.
343 4022 464 4100 98,31:
492 4026 625 4094 ἁπραέις
647 4026 717 4079 ἐσται
742 4044 774 4104 p,
801 4041 899 4103 99‚4:
926 4029 1043 4094 πρωκτὸς
1066 4026 1144 4085 ἔστιν,

125 4146 177 4209 27.
224 4137 298 4204 poi<
320 4138 504 4189 δανείσασι.
542 4132 682 4194 Dareste
707 4130 784 4216 (Sur
809 4133 839 4195 Ia
864 4132 1067 4213 syngrapha,
1093 4141 1154 4193 cet.
1182 4131 1299 4193 Bullet.

74 4243 118 4303 de
143 4239 233 4303 Corr.
263 4240 393 4302 Hellen.
420 4240 505 4303 VIII
534 4257 595 4321 375
626 4264 651 4304 s.
669 4242 723 4328 s.):
749 4244 844 4305 l'acte
862 4244 1006 4324 stipulait
1024 4242 1219 4304 d'ordinaire
1236 4262 1301 4322 que
1337 4293 1341 4301 .

74 4355 106 4416 le
131 4352 216 4414 droit
241 4352 451 4414 d'execution
476 4354 731 4434 appartiendrait
755 4357 773 4415 a
797 4362 870 4416 tout
894 4362 1029 4435 porteur
1055 4374 1090 4414 se
1114 4358 1302 4434 presentant

73 4484 116 4526 au
142 4483 219 4525 nom
245 4463 289 4525 du
315 4464 478 4525 creancier
503 4465 685 4545 originaire.
726 4466 897 4546 Leguntur
922 4463 1003 4525 haec
1029 4466 1060 4525 in
1079 4465 1173 4526 inser.
1192 4464 1265 4525 Wa.
1286 4463 1300 4523 I

1171 4589 1200 4635 2*
