3008 5296
192 895 247 955 14.
296 880 361 950 γάρ
386 876 433 938 sic
456 887 533 957 post
557 875 842 955 interrogationem
861 893 975 956 saepe,
995 873 1188 936 confirmans
1206 876 1364 937 omissum

133 988 314 1070 proprium
340 1005 544 1068 responsum.
570 985 863 1065 cl.31,5;55,14;
888 985 937 1046 18.
964 984 1090 1045 Eadem
1107 985 1365 1066 breviloquentia

135 1099 172 1160 in
198 1107 243 1157 νῦν
263 1103 292 1156 δὲ
314 1102 386 1155 -οὐ
406 1103 460 1174 γάρ
494 1097 548 1158 ubi
581 1096 778 1158 contrarium
803 1116 861 1177 per
885 1103 928 1152 νῦν
949 1101 978 1152 δέ
1002 1095 1189 1172 inductum,
1217 1117 1281 1158 non
1307 1117 1363 1158 ex-

135 1209 294 1290 plicatius
320 1207 491 1288 profertur.
534 1184 654 1270 Stallb.
680 1206 722 1268 ad
747 1206 793 1268 Pl.
819 1206 920 1288 Apol.
949 1208 989 1285 38
1010 1207 1046 1269 Β.

195 1332 247 1397 15,
296 1322 396 1375 οὐδὲν
416 1326 630 1392 κυριώτερον
654 1325 715 1379 cet.
767 1316 862 1397 Quae
888 1337 930 1378 ex
954 1316 1016 1378 hac
1036 1317 1365 1381 formulaconcludat

139 1429 264 1493 Szanto
288 1427 363 1490 vide
387 1426 428 1489 ad
453 1427 468 1510 ξ
498 1446 535 1508 13
562 1449 588 1490 s.
614 1429 634 1491 f.

197 1539 247 1602 16,
296 1516 514 1613 προσφέρειν
543 1545 642 1610 νόμον
674 1547 735 1601 cet.
769 1545 855 1612 πρὸς
884 1546 941 1614 τὴν
968 1547 1186 1615 συγγραφήνῑ
1221 1538 1368 1600 adbibere

141 1651 191 1713 ad
212 1657 407 1711 contractum
432 1649 644 1713 eventendum.
695 1648 749 1711 Sic
773 1648 852 1711 mihi
877 1659 1037 1726 προσφέρειν
1061 1651 1254 1712 vertendum
1279 1652 1367 1712 vide-

142 1773 215 1837 tur;
234 1758 470 1842 significatione
487 1768 561 1822 nata
578 1781 622 1822 ex
637 1765 799 1834 προσφέρειν
819 1765 957 1836 μηχανάς,
978 1768 1145 1836 τεχνήματα,
1164 1761 1250 1823 unde
1267 1783 1365 1844 saepe

141 1874 238 1959 (LyS.
270 1873 332 1948 1,8.
370 1871 456 1933 Xen.
484 1869 745 1953 Cyrop6,1,31.
785 1872 919 1934 Lucian.
947 1871 1197 1949 Dia1.1).6,2.
1235 1872 1364 1936 Aelian.

141 1986 223 2047 Var.
252 1983 296 2045 H.
328 1982 415 2066 1o‚2)
440 1988 603 2055 προσφέρειν
622 1987 716 2057 λόρννε
743 1985 888 2045 oratione
913 1985 1005 2064 quasi
1030 1985 1129 2045 ariete
1155 1986 1200 2045 uti
1217 1985 1258 2046 ad
1277 2005 1366 2047 ever-

141 2095 276 2158 tendam
301 2093 489 2176 pudicitam.
528 2091 566 2152 In
592 2101 735 2154 mentem
758 2096 847 2156 venit
864 2094 1080 2156 Horatianum
1098 2095 1178 2156 illud
1195 2092 1273 2178 (Od.
1293 2096 1363 2172 ΙΙΙ,

143 2205 248 2292 7,2o).
300 2205 366 2281 „Et
397 2222 534 2286 peccare
567 2203 722 2266 docentes
755 2204 870 2266 Fallax
894 2204 1044 2267 historias
1070 2205 1200 2267 movet”
1228 2203 1365 2289 (scilicet

143 2327 182 2381 ut
205 2317 376 2379 labefactet
400 2317 470 2377 eius
494 2314 678 2402 pudorem).

194 2445 247 2491 20.
298 2431 399 2492 ἰδίοις
427 2431 539 2485 αὑτοῖν
563 2429 662 2507 supra
687 2430 701 2504 ξ
730 2443 766 2503 2,
793 2435 828 2487 ut
855 2425 950 2502 2,16;
975 2441 1112 2506 19,307;
1136 2425 1254 2505 50‚66;
1276 2429 1363 2506 55,8.

144 2540 252 2601 Multa
277 2536 430 2619 exempla
455 2535 586 2617 collegit
612 2536 720 2599 Rehd.
747 2536 817 2599 lnd.
845 2536 877 2598 ll
904 2557 929 2600 S.
950 2559 981 2599 v.
1001 2537 1055 2598 ubi
1073 2540 1136 2594 ἰδίον
1151 2546 1207 2599 aut
1224 2559 1251 2600 c.
1279 2537 1361 2601 Gen.

89 2654 93 2660 ’
142 2659 201 2712 aut
233 2671 260 2712 c.
287 2650 475 2730 possessivo
499 2666 592 2727 pron.
619 2648 765 2708 iunctum
790 2656 848 2710 est.
900 2647 969 2709 lam
995 2647 1198 2728 Phrynichus
1225 2657 1257 2710 et
1281 2650 1365 2711 Pris-

143 2762 255 2823 cianus
280 2759 368 2821 hunc
393 2777 489 2819 usum
514 2757 742 2820 indicaverant.
793 2758 930 2820 Lobeck
955 2758 996 2819 ad
1021 2759 1140 2839 Phryn.
1166 2781 1197 2841 p.
1224 2777 1303 2837 441.

193 2888 246 2934 20.
295 2874 405 2934 οὕτως
426 2872 514 2926 εἰσὶν
534 2871 631 2926 οὖτοι
655 2877 716 2930 cet.
767 2867 872 2950 Saepe
898 2878 1143 2931 consummatur
1168 2871 1307 2932 invectio
1333 2873 1365 2933 in

141 2981 345 3045 adversarios
377 2977 488 3041 addita
518 2978 609 3040 brevi
641 2981 799 3041 sententia
827 3000 886 3061 per
918 2984 1003 3046 οὕτως
1035 2981 1182 3041 inducta:
1222 2981 1362 3062 18,163;

145 3105 288 3173 23‚153;
326 3089 421 3170 57,65
459 3098 519 3151 cet.
569 3089 615 3153 Ut
647 3110 744 3171 supra
777 3092 859 3172 §22
894 3091 1033 3152 vidimus
1062 3091 1103 3151 de
1127 3112 1210 3153 voce
1235 3101 1364 3157 τοιοῦτος.

144 3203 245 3285 Quod
277 3210 386 3264 autem
417 3203 488 3256 οὕτω
522 3209 571 3261 est
603 3202 745 3282 positum
779 3203 810 3262 in
844 3203 948 3278 initio,
976 3222 1072 3263 causa
1097 3211 1146 3264 est
1171 3204 1202 3264 in
1227 3211 1360 3285 aperto:

142 3318 189 3377 sic
213 3315 299 3375 enim
325 3314 393 3374 eius
422 3313 471 3373 vis
496 3312 657 3373 itenditur.
709 3313 761 3387 De
786 3312 967 3394 hyperbato
993 3313 1031 3374 cf.
1058 3313 1247 3376 Volkmann
1273 3313 1361 3375 Rhe-

141 3425 227 3488 torik
260 3446 292 3506 p.
318 3422 404 3503 436;
440 3420 575 3498 Straub,
603 3423 656 3483 De
680 3425 782 3505 tropis
808 3433 860 3484 cet
884 3445 915 3505 p.
948 3439 1027 3500 127;
1054 3424 1094 3485 ad
1120 3430 1205 3491 οὕτως
1232 3426 1275 3486 ita
1299 3433 1362 3485 tra·

140 3538 261 3600 iectum
293 3536 368 3595 vide
406 3533 544 3609 18,220;
584 3547 724 3613 19,115;
760 3534 878 3610 20,82;
916 3544 976 3596 cet.
1028 3533 1081 3596 Sic
1115 3533 1182 3598 Cic.
1209 3535 1303 3598 Verr.
1329 3534 1362 3596 V

141 3652 157 3727 ξ
181 3663 261 3709 121:
288 3647 360 3727 quis
384 3653 451 3706 tarn
475 3644 533 3705 fuit
557 3643 613 3705 illo
637 3653 786 3727 tempore
810 3645 948 3722 ferreus,
975 3654 1035 3708 cet.
1077 3647 1186 3708 Etiam
1202 3646 1256 3708 ubi
1273 3652 1362 3728 post·

138 3759 272 3843 ponitur
303 3759 375 3814 οὕτω
404 3752 455 3840 (cf.
489 3756 530 3817 ad
563 3756 577 3838 ᾗ
605 3772 622 3816 2
629 3757 660 3841 5)
693 3756 779 3819 haud
804 3732 876 3819 raro
900 3759 1083 3820 inseruntur
1107 3757 1161 3820 illa
1184 3757 1359 3834 vocabula,

137 3868 231 3933 velut
257 3883 399 3949 23,120;
428 3883 539 3947 31,11.
574 3866 737 3949 Exempla
761 3867 922 3949 permulta
946 3868 1081 3932 contulit
1106 3868 1244 3951 Strange
1261 3867 1361 3948 Jahns

138 3979 251 4063 Jahrb.
278 3977 391 4061 Suppl.
418 3977 468 4040 III
494 3999 526 4061 p.
556 3978 631 4058 584.
657 3979 695 4042 cl.
723 3978 901 4042 Schneider
925 3980 966 4043 ad
991 3979 1091 4043 Isocr.
1117 3997 1206 4062 9,29.

190 4108 243 4155 20.
293 4101 478 4166 κακοῦργοι
508 4095 683 4167 σοφισταί.
728 4089 782 4152 Sic
816 4108 935 4172 20,113
970 4103 1123 4167 κακουργῶν
1156 4092 1242 4154 idem
1271 4089 1361 4172 quod

137 4214 317 4280 συκοφαντῶν.
335 4204 374 4268 cs,
391 4220 468 4282 22‚4
485 4210 624 4279 κακοῦργοι
645 4205 717 4277 λόγοι
737 4210 769 4264 et
787 4217 927 4284 24,157;
948 4205 1040 4284 3I,8;
1057 4223 1109 4287 ap.
1125 4203 1204 4268 Plal.
1218 4203 1260 4266 de
1274 4203 1359 4286 Rep.

138 4317 155 4380 Ι
185 4334 262 4397 341,
290 4316 323 4378 A
348 4324 384 4379 ut
408 4336 591 4398 synonyma
616 4317 793 4399 iunguntur
818 4323 987 4388 συκοφαντεῖν
1014 4324 1046 4377 et
1070 4322 1096 4374 ἐν
1122 4323 1174 4381 τοῖς
1203 4321 1290 4392 λύγοις
1318 4341 1360 4374 κα·

137 4435 268 4506 κουορεῐο.
307 4429 421 4512 Atque
452 4429 536 4492 adeo
569 4431 642 4513 ipse'
671 4427 913 4492 Demosthenes
938 4426 978 4490 ab
1002 4427 1169 4491 Aeschine
1196 4427 1292 4510 3,16:
1317 4454 1359 4488 αα·
