3008 5296
727 492 772 555 60

187 691 217 752 8.
268 690 328 751 De
360 691 461 752 vino
495 688 580 752 Coo
614 690 652 752 cf.
686 690 728 752 ad
761 694 776 768 ξ
811 709 864 770 31.
915 691 968 752 De
1000 691 1115 752 ceteris
1139 691 1362 772 fragmentum

140 800 315 882 Hermippi
340 801 456 862 comici
481 800 601 863 addere
625 800 720 863 liceat
745 801 859 884 (Mein.
885 802 921 863 fr.
949 800 1042 863 Com.
1069 800 1124 863 Gr.
1154 802 1187 862 ΙΙ
1206 823 1240 884 p.
1260 803 1361 882 410):

281 928 292 972 Ι
323 931 398 992 seq:
442 916 562 989 Μενδαίῳ
581 916 628 982 μὲν
648 919 797 985 ἐνουροῦσιν
818 912 882 984 (καῖ)
903 913 962 969 θεοῖ
982 914 1064 968 αὐτοί

440 1031 596 1096 στρώμασιν
615 1027 641 1078 ἐν
661 1026 794 1090 μαλακοῖς.
815 1025 943 1097 Μάγνητα
963 1025 992 1078 δὲ
1012 1027 1207 1100 μειλιχόδωρον

441 1136 482 1190 καῖ
505 1137 610 1207 θάσιον,
631 1144 668 1210 τῷ
689 1139 721 1208 δὴ
740 1138 828 1208 μήλων
847 1139 1020 1208 ἐπιὸεὸρομεν
1041 1139 1124 1210 ὀδμή,

440 1252 532 1302 τοῦτον
551 1250 606 1320 ἐγὼ
626 1250 705 1317 κρίνον
725 1247 791 1301 πολὺ
811 1249 912 1300 πάντων
932 1245 997 1301 εῖναι
1017 1248 1132 1318 ἄριστον.

137 1356 181 1417 Et
205 1377 235 1418 v.
266 1373 305 1417 10
330 1375 406 1436 seq:
441 1359 511 1414 τοῦτ’
530 1357 586 1413 ἐστὶ
606 1362 637 1412 τὸ
658 1362 752 1427 νέκταρ

441 1469 537 1522 τούτου
556 1471 614 1541 χρὴ
634 1471 761 1540 παρέχειν
782 1470 858 1522 πίνειν
879 1471 905 1522 ἐν
925 1466 993 1522 δαιτὶ
1012 1469 1107 1541 θαλείῃ

441 1582 517 1632 τοῖσιν
536 1581 620 1644 ἐμοῖσι
639 1579 741 1649 φίλοις,
761 1581 814 1639 τοῖς
837 1577 859 1632 θ’
878 1580 991 1652 ἐχθροῖς
1012 1581 1039 1632 ἐκ
1061 1579 1238 1651 Πεπαρήθου.

136 1685 318 1768 Sophocles
343 1707 421 1748 vero
447 1683 596 1770 (Philoct.
628 1685 723 1770 548):
749 1691 794 1760 τὴν
814 1688 945 1759 εόβοτρον
968 1689 1126 1760 Πεπάρηθον
1151 1685 1278 1749 laudat.

187 1814 237 1859 10.
275 1803 291 1860 ἕ
295 1822 380 1871 τερα
394 1797 448 1857 ubi
462 1800 528 1852 ἄλλα
541 1804 668 1878 poterat
682 1797 754 1858 dici.
771 1795 824 1858 Sic
841 1814 858 1858 2
865 1812 942 1876 3‚74
955 1802 1045 1870 τρίτον
1056 1801 1171 1870 θ’ἔτερον
1185 1804 1367 1874 δικαστήριον,

136 1908 194 1970 sed
227 1926 281 1987 43,
289 1907 329 1986 56
355 1914 530 1983 ἀναγίγνωσκε
554 1909 596 1964 καὶ
621 1910 684 1972 τοὺς
711 1912 823 1981 ἑτέρους
853 1914 948 1978 νόμους
974 1916 1099 1970 vertere
1125 1907 1201 1969 licet
1227 1908 1367 1969 alteram

135 2018 246 2080 seriem
270 2019 385 2098 legum.

699 2464 714 2540 ξ
742 2461 794 2541 36.

192 2704 242 2748 ΙΙ.
292 2695 579 2764 κατεχόμενοι-
602 2690 818 2758 ἀπεκρίνατο.
863 2685 916 2746 De
940 2684 1139 2746 nominativo
1165 2684 1204 2747 cf.
1230 2685 1273 2746 ad
1298 2689 1363 2764 §7.

188 2814 238 2859 12.
287 2803 518 2875 ἐλεγχόμενοι
547 2802 593 2860 εῖτ
620 2817 729 2859 nonne.
779 2795 886 2877 Kriig.
913 2795 1037 2875 65,1,8.

189 2927 239 2988 13.
289 2918 458 2982 στατῆρες
487 2909 685 2984 Κυζικηνοί.
713 2907 751 2970 cf.
777 2913 931 2986 34,23:d
956 2910 986 2964 δὲ
1014 2907 1156 2981 Κυζικηνὸς
1178 2909 1290 2964 ἐδύνατο
1311 2914 1368 2966 ἐκεῖ

138 3026 175 3093 (ἐν
196 3023 338 3093 Βοσπόρῳ)
359 3018 437 3075 εῖᾶιοσι
456 3018 497 3074 καῖ
519 3023 587 3076 ὀκτὼ
608 3023 736 3094 δραχμὰς
760 3021 885 3083 Ἀττικάς.
911 3017 1058 3079 Fuerunt
1081 3017 1159 3079 olim
1185 3018 1241 3098 qui
1267 3027 1364 3098 puta-

137 3138 208 3191 rent
232 3137 384 3191 staterem
410 3126 608 3208 Cyzicenum
633 3147 805 3189 nummum
829 3126 983 3189 ficticium
1007 3126 1122 3202 fuisse;
1142 3147 1226 3208 quos
1243 3127 1364 3190 refutat

138 3239 271 3315 Bockh,
299 3238 438 3301 Staatsh.
467 3239 481 3300 I
509 3256 550 3318 32
577 3259 646 3320 seq.
668 3247 780 3300 nostro
798 3258 931 3320 quoque
948 3236 1023 3299 loco
1040 3258 1136 3313 usus,
1156 3257 1229 3298 nam
1248 3244 1363 3313 χρυσίον

136 3354 180 3435 (v.
215 3351 267 3433 14)
303 3371 432 3432 semper
464 3359 514 3411 est
545 3371 661 3412 aurum
694 3350 815 3411 factum
846 3349 949 3432 (velut
983 3364 1103 3426 27,1o;
1138 3367 1196 3428 133
1231 3350 1309 3428 48,5
1319 3348 1361 3429 5).

139 3462 236 3525 Plura
269 3462 400 3523 docebit
434 3460 580 3523 Historia
613 3461 799 3523 Numorum
826 3480 925 3541 quam
950 3459 1001 3522 ed.
1028 3459 1165 3540 Barclay
1190 3459 1232 3521 V.
1262 3459 1362 3521 Head

137 3574 564 3656 dffimmw

190 3682 239 3746 16.
265 3689 386 3759 πολίτῃ
407 3687 539 3741 ἑαυτοῦ.
561 3679 647 3744 Nam
663 3686 825 3757 συμπολίτης
845 3703 873 3745 c.
892 3680 974 3743 Gen.
992 3701 1058 3742 non
1075 3689 1124 3742 est
1140 3680 1290 3742 Atticum
1300 3730 1309 3756 ‚
1326 3691 1363 3743 ut

138 3797 234 3857 docet
260 3793 395 3856 Lobeck
416 3793 457 3855 ad
474 3792 637 3874 Phrynich
654 3814 686 3874 p.
707 3808 786 3870 172,
806 3812 1024 3874 quamquam,
1044 3801 1079 3853 ut
1096 3799 1229 3853 monent
1246 3789 1360 3853 Schol.

137 3907 178 3969 ad
203 3905 262 3968 Ar.
289 3905 363 3967 Pac.
390 3922 475 3984 909,
501 3904 698 3966 vocabulum
723 3905 831 3986 ipsum
855 3904 974 3984 legitur
999 3903 1078 3966 Eur.
1106 3901 1237 3964 Heracl.
1265 3901 1344 3965 826.

190 4030 239 4095 15.
289 4021 459 4089 adstote:
493 4014 738 4096 ApollodoruS,
773 4015 956 4077 Artemone
988 4022 1024 4077 ut
1054 4015 1200 4090 videtur,
1231 4015 1361 4077 interim

137 4136 279 4190 mortuo.
304 4131 388 4184 αὐτοῦ
412 4147 477 4188 non
501 4132 598 4186 ἑαυτοῦ
622 4126 729 4208 Kriig.
755 4124 811 4189 Gr.
840 4137 962 4205 51,2,5.

190 4236 239 4300 16.
290 4238 343 4298 De
360 4240 505 4306 δύναμαι
529 4258 557 4300 c.
584 4237 642 4299 Ins.
661 4236 786 4299 Aoristi
802 4236 877 4299 vide
894 4235 1046 4298 Schneid.
1064 4236 1106 4297 ad
1123 4236 1224 4297 Isocr.
1244 4253 1360 4313 4,102.

191 4349 240 4411 16.
290 4353 427 4408 δύναιτο
452 4348 575 4410 scilicet
589 4348 721 4425 frater,
748 4367 813 4409 non
835 4349 904 4429 ipse
922 4347 1082 4410 Lacritus
1125 4345 1191 4408 Cur
1208 4348 1362 4409 mutatio-

138 4481 212 4522 nem
245 4461 382 4523 subiecti
415 4468 535 4522 statuat
568 4458 731 4535 BlassiuS,
758 4478 823 4520 non
848 4458 960 4540 liquet.
1009 4457 1255 4540 Apollodorus,
1283 4479 1362 4519 cum
