<?xml version="1.0" encoding="UTF-8"?>
<!DOCTYPE html PUBLIC "-//W3C//DTD XHTML 1.0 Transitional//EN"
    "http://www.w3.org/TR/xhtml1/DTD/xhtml1-transitional.dtd">
<html xmlns="http://www.w3.org/1999/xhtml" xml:lang="en" lang="en">
 <head>
  <title>
</title>
<meta http-equiv="Content-Type" content="text/html;charset=utf-8" />
  <meta name='ocr-system' content='tesseract 3.04.00' />
  <meta name='ocr-capabilities' content='ocr_page ocr_carea ocr_par ocr_line ocrx_word'/>
</head>
<body>
  <div class='ocr_page' id='page_1' title='image "./annotationesadd00hanngoog_0023.png"; bbox 0 0 3008 5296; ppageno 0'>
   <div class='ocr_carea' id='block_1_1' title="bbox 738 531 770 572">
    <p class='ocr_par' dir='ltr' id='par_1_1' title="bbox 738 531 770 572">
     <span class='ocr_line' id='line_1_1' title="bbox 738 531 770 572; baseline 0 0"><span class='ocrx_word' id='word_1_1' title='bbox 738 531 770 572; x_wconf 91' lang='lat' dir='ltr'>IV</span> 
     </span>
    </p>
   </div>
   <div class='ocr_carea' id='block_1_2' title="bbox 76 705 1367 3116">
    <p class='ocr_par' dir='ltr' id='par_1_2' title="bbox 143 705 1367 897">
     <span class='ocr_line' id='line_1_2' title="bbox 191 705 1367 785; baseline 0.002 -18"><span class='ocrx_word' id='word_1_2' title='bbox 191 706 225 767; x_wconf 89' lang='lat' dir='ltr'>P.</span> <span class='ocrx_word' id='word_1_3' title='bbox 251 705 355 769; x_wconf 91' lang='lat' dir='ltr'>Uhle:</span> <span class='ocrx_word' id='word_1_4' title='bbox 387 705 606 785; x_wconf 83' lang='lat' dir='ltr'>Quaestiones</span> <span class='ocrx_word' id='word_1_5' title='bbox 631 706 672 768; x_wconf 89' lang='lat' dir='ltr'>de</span> <span class='ocrx_word' id='word_1_6' title='bbox 696 707 879 767; x_wconf 88' lang='lat' dir='ltr'>orationum</span> <span class='ocrx_word' id='word_1_7' title='bbox 905 706 1122 768; x_wconf 83' lang='lat' dir='ltr'>Demostheni</span> <span class='ocrx_word' id='word_1_8' title='bbox 1147 707 1227 769; x_wconf 82' lang='lat' dir='ltr'>falso</span> <span class='ocrx_word' id='word_1_9' title='bbox 1252 707 1367 769; x_wconf 90' lang='lat' dir='ltr'>addic-</span> 
     </span>
     <span class='ocr_line' id='line_1_3' title="bbox 143 815 976 897; baseline 0 -19"><span class='ocrx_word' id='word_1_10' title='bbox 143 825 248 878; x_wconf 91' lang='lat' dir='ltr'>tarum</span> <span class='ocrx_word' id='word_1_11' title='bbox 275 815 496 897; x_wconf 90' lang='lat' dir='ltr'>scriptoribus.</span> <span class='ocrx_word' id='word_1_12' title='bbox 547 816 630 878; x_wconf 88' lang='lat' dir='ltr'>Part.</span> <span class='ocrx_word' id='word_1_13' title='bbox 658 815 683 878; x_wconf 92' lang='lat' dir='ltr'>I.</span> <span class='ocrx_word' id='word_1_14' title='bbox 734 817 853 897; x_wconf 87' lang='lat' dir='ltr'>Hagen</span> <span class='ocrx_word' id='word_1_15' title='bbox 880 817 976 896; x_wconf 86' lang='lat'>1883.</span> 
     </span>
    </p>

    <p class='ocr_par' dir='ltr' id='par_1_3' title="bbox 140 924 1366 1339">
     <span class='ocr_line' id='line_1_4' title="bbox 188 924 1366 1017; baseline 0.002 -30"><span class='ocrx_word' id='word_1_16' title='bbox 188 924 228 988; x_wconf 93' lang='lat' dir='ltr'>G.</span> <span class='ocrx_word' id='word_1_17' title='bbox 255 924 552 1007; x_wconf 82' lang='lat' dir='ltr'>Schimmelpfeng:</span> <span class='ocrx_word' id='word_1_18' title='bbox 580 924 752 987; x_wconf 84' lang='lat' dir='ltr'>Orationes</span> <span class='ocrx_word' id='word_1_19' title='bbox 778 947 862 1007; x_wconf 89' lang='lat' dir='ltr'>quae</span> <span class='ocrx_word' id='word_1_20' title='bbox 888 935 963 1017; x_wconf 78' lang='lat' dir='ltr'>sunt</span> <span class='ocrx_word' id='word_1_21' title='bbox 987 928 1018 988; x_wconf 91' lang='lat' dir='ltr'>in</span> <span class='ocrx_word' id='word_1_22' title='bbox 1045 927 1264 989; x_wconf 87' lang='lat' dir='ltr'>Macartatum</span> <span class='ocrx_word' id='word_1_23' title='bbox 1282 930 1366 989; x_wconf 91' lang='lat' dir='ltr'>etin</span> 
     </span>
     <span class='ocr_line' id='line_1_5' title="bbox 141 1035 1365 1119; baseline 0.003 -21"><span class='ocrx_word' id='word_1_24' title='bbox 141 1035 419 1118; x_wconf 91' lang='lat' dir='ltr'>Olympiodorum</span> <span class='ocrx_word' id='word_1_25' title='bbox 444 1045 476 1098; x_wconf 88' lang='lat' dir='ltr'>et</span> <span class='ocrx_word' id='word_1_26' title='bbox 501 1039 532 1099; x_wconf 93' lang='lat' dir='ltr'>in</span> <span class='ocrx_word' id='word_1_27' title='bbox 558 1037 677 1099; x_wconf 91' lang='lat' dir='ltr'>Lacriti</span> <span class='ocrx_word' id='word_1_28' title='bbox 703 1039 932 1119; x_wconf 84' lang='lat' dir='ltr'>exceptionem</span> <span class='ocrx_word' id='word_1_29' title='bbox 957 1038 1017 1100; x_wconf 91' lang='lat' dir='ltr'>sub</span> <span class='ocrx_word' id='word_1_30' title='bbox 1044 1038 1280 1102; x_wconf 82' lang='lat' dir='ltr'>Demosthenis</span> <span class='ocrx_word' id='word_1_31' title='bbox 1306 1060 1365 1102; x_wconf 92' lang='lat' dir='ltr'>no-</span> 
     </span>
     <span class='ocr_line' id='line_1_6' title="bbox 141 1146 1365 1228; baseline 0.004 -21"><span class='ocrx_word' id='word_1_32' title='bbox 141 1147 227 1208; x_wconf 90' lang='lat' dir='ltr'>mine</span> <span class='ocrx_word' id='word_1_33' title='bbox 259 1146 412 1222; x_wconf 87' lang='lat' dir='ltr'>traditae,</span> <span class='ocrx_word' id='word_1_34' title='bbox 447 1167 526 1208; x_wconf 93' lang='lat' dir='ltr'>num</span> <span class='ocrx_word' id='word_1_35' title='bbox 553 1149 647 1208; x_wconf 90' lang='lat' dir='ltr'>unius</span> <span class='ocrx_word' id='word_1_36' title='bbox 672 1147 886 1228; x_wconf 91' lang='lat' dir='ltr'>eiusdemque</span> <span class='ocrx_word' id='word_1_37' title='bbox 911 1149 1046 1210; x_wconf 87' lang='lat' dir='ltr'>oratoris</span> <span class='ocrx_word' id='word_1_38' title='bbox 1071 1169 1143 1210; x_wconf 90' lang='lat' dir='ltr'>esse</span> <span class='ocrx_word' id='word_1_39' title='bbox 1168 1149 1365 1212; x_wconf 89' lang='lat' dir='ltr'>iudicandae</span> 
     </span>
     <span class='ocr_line' id='line_1_7' title="bbox 140 1257 556 1339; baseline 0 -21"><span class='ocrx_word' id='word_1_40' title='bbox 140 1258 212 1318; x_wconf 90' lang='lat' dir='ltr'>sint.</span> <span class='ocrx_word' id='word_1_41' title='bbox 263 1257 433 1339; x_wconf 87' lang='lat' dir='ltr'>Marpurgi</span> <span class='ocrx_word' id='word_1_42' title='bbox 460 1259 556 1334; x_wconf 84' lang='lat'>1887.</span> 
     </span>
    </p>

    <p class='ocr_par' dir='ltr' id='par_1_4' title="bbox 76 1367 1364 1563">
     <span class='ocr_line' id='line_1_8' title="bbox 76 1367 1364 1450; baseline 0.004 -22"><span class='ocrx_word' id='word_1_43' title='bbox 76 1392 78 1394; x_wconf 88' lang='lat'>·</span> <span class='ocrx_word' id='word_1_44' title='bbox 186 1367 376 1429; x_wconf 88' lang='lat' dir='ltr'>Thalheim:</span> <span class='ocrx_word' id='word_1_45' title='bbox 413 1368 482 1429; x_wconf 92' lang='lat' dir='ltr'>Der</span> <span class='ocrx_word' id='word_1_46' title='bbox 514 1369 648 1429; x_wconf 89' lang='lat' dir='ltr'>Prozess</span> <span class='ocrx_word' id='word_1_47' title='bbox 682 1367 739 1429; x_wconf 89' lang='lat' dir='ltr'>des</span> <span class='ocrx_word' id='word_1_48' title='bbox 768 1367 957 1430; x_wconf 88' lang='lat' dir='ltr'>Androkles</span> <span class='ocrx_word' id='word_1_49' title='bbox 983 1389 1089 1450; x_wconf 87' lang='lat' dir='ltr'>gegen</span> <span class='ocrx_word' id='word_1_50' title='bbox 1116 1370 1269 1432; x_wconf 89' lang='lat' dir='ltr'>Lakritos</span> <span class='ocrx_word' id='word_1_51' title='bbox 1295 1373 1364 1433; x_wconf 92' lang='lat' dir='ltr'>und</span> 
     </span>
     <span class='ocr_line' id='line_1_9' title="bbox 139 1478 1182 1563; baseline 0.003 -22"><span class='ocrx_word' id='word_1_52' title='bbox 139 1481 227 1541; x_wconf 90' lang='lat' dir='ltr'>seine</span> <span class='ocrx_word' id='word_1_53' title='bbox 252 1478 445 1543; x_wconf 87' lang='lat' dir='ltr'>Urkunden.</span> <span class='ocrx_word' id='word_1_54' title='bbox 497 1480 637 1542; x_wconf 89' lang='lat' dir='ltr'>Hermes</span> <span class='ocrx_word' id='word_1_55' title='bbox 663 1479 804 1555; x_wconf 88' lang='lat' dir='ltr'>XXIII,</span> <span class='ocrx_word' id='word_1_56' title='bbox 833 1482 936 1555; x_wconf 84' lang='lat'>1888,</span> <span class='ocrx_word' id='word_1_57' title='bbox 962 1502 994 1562; x_wconf 93' lang='lat' dir='ltr'>p.</span> <span class='ocrx_word' id='word_1_58' title='bbox 1023 1499 1085 1561; x_wconf 89' lang='grc'>333</span> <span class='ocrx_word' id='word_1_59' title='bbox 1114 1502 1182 1563; x_wconf 86' lang='lat' dir='ltr'>seq.</span> 
     </span>
    </p>

    <p class='ocr_par' dir='ltr' id='par_1_5' title="bbox 136 1590 1364 3116">
     <span class='ocr_line' id='line_1_10' title="bbox 185 1590 1363 1673; baseline 0.004 -22"><span class='ocrx_word' id='word_1_60' title='bbox 185 1590 369 1652; x_wconf 85' lang='lat' dir='ltr'>Androcles</span> <span class='ocrx_word' id='word_1_61' title='bbox 403 1590 536 1671; x_wconf 88' lang='lat' dir='ltr'>quidam</span> <span class='ocrx_word' id='word_1_62' title='bbox 561 1591 644 1671; x_wconf 87' lang='lat' dir='ltr'>(eius</span> <span class='ocrx_word' id='word_1_63' title='bbox 669 1610 788 1652; x_wconf 90' lang='lat' dir='ltr'>nomen</span> <span class='ocrx_word' id='word_1_64' title='bbox 814 1592 955 1652; x_wconf 88' lang='lat' dir='ltr'>occurrit</span> <span class='ocrx_word' id='word_1_65' title='bbox 979 1593 1011 1652; x_wconf 93' lang='lat' dir='ltr'>in</span> <span class='ocrx_word' id='word_1_66' title='bbox 1035 1591 1244 1673; x_wconf 91' lang='lat' dir='ltr'>Argumento</span> <span class='ocrx_word' id='word_1_67' title='bbox 1272 1602 1305 1655; x_wconf 93' lang='lat' dir='ltr'>et</span> <span class='ocrx_word' id='word_1_68' title='bbox 1331 1596 1363 1656; x_wconf 91' lang='lat' dir='ltr'>in</span> 
     </span>
     <span class='ocr_line' id='line_1_11' title="bbox 139 1698 1362 1788; baseline 0.003 -26"><span class='ocrx_word' id='word_1_69' title='bbox 139 1700 325 1782; x_wconf 85' lang='lat' dir='ltr'>syngrapha</span> <span class='ocrx_word' id='word_1_70' title='bbox 358 1701 372 1782; x_wconf 89' lang='grc'>3</span> <span class='ocrx_word' id='word_1_71' title='bbox 398 1718 437 1762; x_wconf 89' lang='grc' dir='ltr'>1ο</span> <span class='ocrx_word' id='word_1_72' title='bbox 462 1710 494 1762; x_wconf 91' lang='grc'>11</span> <span class='ocrx_word' id='word_1_73' title='bbox 521 1701 572 1781; x_wconf 78' lang='grc'>14)</span> <span class='ocrx_word' id='word_1_74' title='bbox 596 1700 808 1763; x_wconf 89' lang='lat' dir='ltr'>Atheniensis</span> <span class='ocrx_word' id='word_1_75' title='bbox 834 1698 861 1784; x_wconf 92' lang='grc'>(3</span> <span class='ocrx_word' id='word_1_76' title='bbox 889 1701 944 1786; x_wconf 84' lang='grc'>26)</span> <span class='ocrx_word' id='word_1_77' title='bbox 970 1711 1129 1764; x_wconf 89' lang='lat' dir='ltr'>mercator</span> <span class='ocrx_word' id='word_1_78' title='bbox 1154 1700 1181 1785; x_wconf 88' lang='grc'>(3</span> <span class='ocrx_word' id='word_1_79' title='bbox 1207 1703 1266 1788; x_wconf 76' lang='grc'>49)</span> <span class='ocrx_word' id='word_1_80' title='bbox 1288 1726 1362 1787; x_wconf 91' lang='lat' dir='ltr'>per-</span> 
     </span>
     <span class='ocr_line' id='line_1_12' title="bbox 138 1811 1361 1895; baseline 0.002 -22"><span class='ocrx_word' id='word_1_81' title='bbox 138 1820 247 1873; x_wconf 92' lang='lat' dir='ltr'>motus</span> <span class='ocrx_word' id='word_1_82' title='bbox 272 1832 292 1874; x_wconf 91' lang='lat' dir='ltr'>a</span> <span class='ocrx_word' id='word_1_83' title='bbox 316 1813 382 1873; x_wconf 91' lang='lat' dir='ltr'>suis</span> <span class='ocrx_word' id='word_1_84' title='bbox 408 1811 616 1873; x_wconf 83' lang='lat' dir='ltr'>familiaribus</span> <span class='ocrx_word' id='word_1_85' title='bbox 641 1811 866 1892; x_wconf 89' lang='lat' dir='ltr'>Thrasymede</span> <span class='ocrx_word' id='word_1_86' title='bbox 891 1820 923 1872; x_wconf 90' lang='lat' dir='ltr'>et</span> <span class='ocrx_word' id='word_1_87' title='bbox 949 1812 1126 1894; x_wconf 87' lang='lat' dir='ltr'>Melanopo</span> <span class='ocrx_word' id='word_1_88' title='bbox 1152 1814 1179 1895; x_wconf 93' lang='grc'>(3</span> <span class='ocrx_word' id='word_1_89' title='bbox 1204 1813 1256 1895; x_wconf 87' lang='grc'>6),</span> <span class='ocrx_word' id='word_1_90' title='bbox 1284 1836 1361 1877; x_wconf 93' lang='lat' dir='ltr'>cum</span> 
     </span>
     <span class='ocr_line' id='line_1_13' title="bbox 139 1922 1364 2004; baseline 0.003 -20"><span class='ocrx_word' id='word_1_91' title='bbox 139 1922 289 2003; x_wconf 87' lang='lat' dir='ltr'>Carystio</span> <span class='ocrx_word' id='word_1_92' title='bbox 322 1923 466 2004; x_wconf 88' lang='lat' dir='ltr'>quodam</span> <span class='ocrx_word' id='word_1_93' title='bbox 500 1923 692 1984; x_wconf 88' lang='lat' dir='ltr'>Nausicrate</span> <span class='ocrx_word' id='word_1_94' title='bbox 724 1922 752 2004; x_wconf 91' lang='grc'>(3</span> <span class='ocrx_word' id='word_1_95' title='bbox 786 1925 823 1997; x_wconf 88' lang='lat'>8,</span> <span class='ocrx_word' id='word_1_96' title='bbox 856 1923 908 2003; x_wconf 89' lang='lat'>10)</span> <span class='ocrx_word' id='word_1_97' title='bbox 934 1925 994 1985; x_wconf 86' lang='lat' dir='ltr'>tria</span> <span class='ocrx_word' id='word_1_98' title='bbox 1019 1923 1106 1986; x_wconf 91' lang='lat' dir='ltr'>milia</span> <span class='ocrx_word' id='word_1_99' title='bbox 1130 1925 1364 1988; x_wconf 85' lang='lat' dir='ltr'>drachmarum</span> 
     </span>
     <span class='ocr_line' id='line_1_14' title="bbox 139 2032 1363 2123; baseline 0.002 -28"><span class='ocrx_word' id='word_1_100' title='bbox 139 2043 252 2095; x_wconf 93' lang='lat' dir='ltr'>mutua</span> <span class='ocrx_word' id='word_1_101' title='bbox 269 2032 403 2095; x_wconf 88' lang='lat' dir='ltr'>dederat</span> <span class='ocrx_word' id='word_1_102' title='bbox 419 2033 592 2096; x_wconf 89' lang='lat' dir='ltr'>Artemoni</span> <span class='ocrx_word' id='word_1_103' title='bbox 610 2042 643 2095; x_wconf 88' lang='lat' dir='ltr'>et</span> <span class='ocrx_word' id='word_1_104' title='bbox 659 2033 868 2114; x_wconf 87' lang='lat' dir='ltr'>Apollodoro</span> <span class='ocrx_word' id='word_1_105' title='bbox 886 2034 1055 2096; x_wconf 88' lang='lat' dir='ltr'>Phaselitis</span> <span class='ocrx_word' id='word_1_106' title='bbox 1073 2032 1101 2112; x_wconf 94' lang='grc'>(3</span> <span class='ocrx_word' id='word_1_107' title='bbox 1120 2055 1148 2111; x_wconf 86' lang='grc'>1,</span> <span class='ocrx_word' id='word_1_108' title='bbox 1169 2051 1204 2112; x_wconf 90' lang='lat'>7,</span> <span class='ocrx_word' id='word_1_109' title='bbox 1225 2036 1283 2116; x_wconf 87' lang='grc'>36,</span> <span class='ocrx_word' id='word_1_110' title='bbox 1307 2051 1321 2116; x_wconf 86' lang='grc'>5</span> <span class='ocrx_word' id='word_1_111' title='bbox 1331 2037 1363 2123; x_wconf 86' lang='grc'>5)</span> 
     </span>
     <span class='ocr_line' id='line_1_15' title="bbox 139 2145 1363 2227; baseline 0.003 -21"><span class='ocrx_word' id='word_1_112' title='bbox 139 2145 257 2227; x_wconf 92' lang='lat' dir='ltr'>quibus</span> <span class='ocrx_word' id='word_1_113' title='bbox 291 2153 453 2206; x_wconf 88' lang='lat' dir='ltr'>emeretur</span> <span class='ocrx_word' id='word_1_114' title='bbox 485 2153 593 2206; x_wconf 87' lang='lat' dir='ltr'>certus</span> <span class='ocrx_word' id='word_1_115' title='bbox 627 2145 784 2206; x_wconf 89' lang='lat' dir='ltr'>mercium</span> <span class='ocrx_word' id='word_1_116' title='bbox 817 2166 971 2207; x_wconf 93' lang='lat' dir='ltr'>numerus</span> <span class='ocrx_word' id='word_1_117' title='bbox 996 2145 1136 2208; x_wconf 89' lang='lat' dir='ltr'>Athenis</span> <span class='ocrx_word' id='word_1_118' title='bbox 1162 2148 1193 2207; x_wconf 93' lang='lat' dir='ltr'>in</span> <span class='ocrx_word' id='word_1_119' title='bbox 1218 2148 1363 2211; x_wconf 91' lang='lat' dir='ltr'>Pontum</span> 
     </span>
     <span class='ocr_line' id='line_1_16' title="bbox 136 2249 1362 2340; baseline 0.003 -24"><span class='ocrx_word' id='word_1_120' title='bbox 136 2255 358 2317; x_wconf 88' lang='lat' dir='ltr'>vehendarum</span> <span class='ocrx_word' id='word_1_121' title='bbox 391 2249 502 2337; x_wconf 58' lang='lat' dir='ltr'>ibique*</span> <span class='ocrx_word' id='word_1_122' title='bbox 533 2255 811 2317; x_wconf 89' lang='lat' dir='ltr'>divendendarum</span> <span class='ocrx_word' id='word_1_123' title='bbox 844 2252 871 2340; x_wconf 89' lang='grc'>(3</span> <span class='ocrx_word' id='word_1_124' title='bbox 898 2255 967 2340; x_wconf 90' lang='grc'>18),</span> <span class='ocrx_word' id='word_1_125' title='bbox 1004 2255 1064 2318; x_wconf 89' lang='lat' dir='ltr'>hac</span> <span class='ocrx_word' id='word_1_126' title='bbox 1097 2256 1169 2338; x_wconf 90' lang='lat' dir='ltr'>lege</span> <span class='ocrx_word' id='word_1_127' title='bbox 1196 2267 1231 2318; x_wconf 91' lang='lat' dir='ltr'>ut</span> <span class='ocrx_word' id='word_1_128' title='bbox 1252 2261 1362 2340; x_wconf 90' lang='lat' dir='ltr'>pretio</span> 
     </span>
     <span class='ocr_line' id='line_1_17' title="bbox 138 2367 1363 2448; baseline 0.004 -21"><span class='ocrx_word' id='word_1_129' title='bbox 138 2368 184 2427; x_wconf 90' lang='lat' dir='ltr'>sic</span> <span class='ocrx_word' id='word_1_130' title='bbox 221 2367 304 2428; x_wconf 88' lang='lat' dir='ltr'>sacto</span> <span class='ocrx_word' id='word_1_131' title='bbox 348 2387 459 2428; x_wconf 91' lang='lat' dir='ltr'>rursus</span> <span class='ocrx_word' id='word_1_132' title='bbox 500 2367 562 2428; x_wconf 89' lang='lat' dir='ltr'>alia</span> <span class='ocrx_word' id='word_1_133' title='bbox 600 2387 643 2428; x_wconf 87' lang='lat' dir='ltr'>ex</span> <span class='ocrx_word' id='word_1_134' title='bbox 681 2367 785 2428; x_wconf 93' lang='lat' dir='ltr'>Ponto</span> <span class='ocrx_word' id='word_1_135' title='bbox 822 2375 933 2448; x_wconf 88' lang='lat' dir='ltr'>parata</span> <span class='ocrx_word' id='word_1_136' title='bbox 968 2375 1174 2448; x_wconf 85' lang='lat' dir='ltr'>portarentur</span> <span class='ocrx_word' id='word_1_137' title='bbox 1208 2368 1363 2432; x_wconf 88' lang='lat' dir='ltr'>Athenas</span> 
     </span>
     <span class='ocr_line' id='line_1_18' title="bbox 138 2477 1363 2561; baseline 0.002 -22"><span class='ocrx_word' id='word_1_138' title='bbox 138 2479 165 2559; x_wconf 91' lang='grc'>(3</span> <span class='ocrx_word' id='word_1_139' title='bbox 192 2493 222 2556; x_wconf 91' lang='lat'>7,</span> <span class='ocrx_word' id='word_1_140' title='bbox 252 2495 312 2556; x_wconf 82' lang='lat'>24,</span> <span class='ocrx_word' id='word_1_141' title='bbox 343 2477 407 2559; x_wconf 86' lang='lat'>50).</span> <span class='ocrx_word' id='word_1_142' title='bbox 459 2478 552 2539; x_wconf 90' lang='lat' dir='ltr'>Haec</span> <span class='ocrx_word' id='word_1_143' title='bbox 577 2479 662 2560; x_wconf 90' lang='lat' dir='ltr'>pacti</span> <span class='ocrx_word' id='word_1_144' title='bbox 688 2486 762 2540; x_wconf 89' lang='lat' dir='ltr'>sunt</span> <span class='ocrx_word' id='word_1_145' title='bbox 787 2477 985 2560; x_wconf 89' lang='lat' dir='ltr'>spondente,</span> <span class='ocrx_word' id='word_1_146' title='bbox 1011 2486 1046 2540; x_wconf 90' lang='lat' dir='ltr'>ut</span> <span class='ocrx_word' id='word_1_147' title='bbox 1070 2481 1114 2540; x_wconf 90' lang='lat' dir='ltr'>ait</span> <span class='ocrx_word' id='word_1_148' title='bbox 1138 2480 1271 2561; x_wconf 91' lang='lat' dir='ltr'>petitor,</span> <span class='ocrx_word' id='word_1_149' title='bbox 1299 2481 1363 2542; x_wconf 89' lang='lat' dir='ltr'>La-</span> 
     </span>
     <span class='ocr_line' id='line_1_19' title="bbox 138 2588 1360 2674; baseline 0.001 -24"><span class='ocrx_word' id='word_1_150' title='bbox 138 2590 236 2665; x_wconf 86' lang='lat' dir='ltr'>crito,</span> <span class='ocrx_word' id='word_1_151' title='bbox 263 2590 375 2651; x_wconf 90' lang='lat' dir='ltr'>fratres</span> <span class='ocrx_word' id='word_1_152' title='bbox 399 2609 475 2652; x_wconf 89' lang='lat' dir='ltr'>suos</span> <span class='ocrx_word' id='word_1_153' title='bbox 498 2591 607 2651; x_wconf 91' lang='lat' dir='ltr'>omnia</span> <span class='ocrx_word' id='word_1_154' title='bbox 623 2588 802 2650; x_wconf 88' lang='lat' dir='ltr'>secundum</span> <span class='ocrx_word' id='word_1_155' title='bbox 819 2597 1020 2651; x_wconf 89' lang='lat' dir='ltr'>contractum</span> <span class='ocrx_word' id='word_1_156' title='bbox 1039 2610 1110 2651; x_wconf 90' lang='lat' dir='ltr'>esse</span> <span class='ocrx_word' id='word_1_157' title='bbox 1127 2590 1267 2652; x_wconf 88' lang='lat' dir='ltr'>facturos</span> <span class='ocrx_word' id='word_1_158' title='bbox 1286 2593 1314 2674; x_wconf 85' lang='grc'>(3</span> <span class='ocrx_word' id='word_1_159' title='bbox 1329 2607 1360 2670; x_wconf 90' lang='lat'>7,</span> 
     </span>
     <span class='ocr_line' id='line_1_20' title="bbox 140 2699 1364 2785; baseline 0.003 -24"><span class='ocrx_word' id='word_1_160' title='bbox 140 2702 177 2776; x_wconf 89' lang='lat'>8,</span> <span class='ocrx_word' id='word_1_161' title='bbox 205 2714 263 2779; x_wconf 87' lang='lat'>15,</span> <span class='ocrx_word' id='word_1_162' title='bbox 291 2699 353 2785; x_wconf 82' lang='grc'>16).</span> <span class='ocrx_word' id='word_1_163' title='bbox 404 2699 470 2762; x_wconf 87' lang='lat' dir='ltr'>Sed</span> <span class='ocrx_word' id='word_1_164' title='bbox 495 2701 676 2777; x_wconf 86' lang='lat' dir='ltr'>Phaselitae</span> <span class='ocrx_word' id='word_1_165' title='bbox 701 2701 874 2782; x_wconf 90' lang='lat' dir='ltr'>pecuniam</span> <span class='ocrx_word' id='word_1_166' title='bbox 898 2709 1067 2782; x_wconf 88' lang='lat' dir='ltr'>acceptam</span> <span class='ocrx_word' id='word_1_167' title='bbox 1092 2703 1364 2765; x_wconf 89' lang='lat' dir='ltr'>statim-conver-</span> 
     </span>
     <span class='ocr_line' id='line_1_21' title="bbox 137 2807 1362 2894; baseline 0.002 -23"><span class='ocrx_word' id='word_1_168' title='bbox 137 2818 246 2871; x_wconf 92' lang='lat' dir='ltr'>terunt</span> <span class='ocrx_word' id='word_1_169' title='bbox 271 2812 302 2872; x_wconf 94' lang='lat' dir='ltr'>in</span> <span class='ocrx_word' id='word_1_170' title='bbox 326 2810 388 2871; x_wconf 89' lang='lat' dir='ltr'>alia</span> <span class='ocrx_word' id='word_1_171' title='bbox 412 2812 521 2872; x_wconf 91' lang='lat' dir='ltr'>omnia</span> <span class='ocrx_word' id='word_1_172' title='bbox 546 2807 573 2893; x_wconf 98' lang='grc'>(3</span> <span class='ocrx_word' id='word_1_173' title='bbox 595 2810 647 2894; x_wconf 87' lang='lat'>17)</span> <span class='ocrx_word' id='word_1_174' title='bbox 665 2818 798 2871; x_wconf 89' lang='lat' dir='ltr'>auctore</span> <span class='ocrx_word' id='word_1_175' title='bbox 816 2811 964 2885; x_wconf 86' lang='lat' dir='ltr'>Lacrit0,</span> <span class='ocrx_word' id='word_1_176' title='bbox 983 2830 1090 2893; x_wconf 90' lang='lat' dir='ltr'>neque</span> <span class='ocrx_word' id='word_1_177' title='bbox 1107 2812 1183 2872; x_wconf 88' lang='lat' dir='ltr'>satis</span> <span class='ocrx_word' id='word_1_178' title='bbox 1200 2814 1362 2874; x_wconf 92' lang='lat' dir='ltr'>mercium</span> 
     </span>
     <span class='ocr_line' id='line_1_22' title="bbox 139 2918 1362 3006; baseline 0.002 -24"><span class='ocrx_word' id='word_1_179' title='bbox 139 2923 365 3002; x_wconf 89' lang='lat' dir='ltr'>imposuerunt</span> <span class='ocrx_word' id='word_1_180' title='bbox 398 2918 426 3004; x_wconf 86' lang='grc'>(3</span> <span class='ocrx_word' id='word_1_181' title='bbox 453 2918 506 3006; x_wconf 85' lang='grc'>19)</span> <span class='ocrx_word' id='word_1_182' title='bbox 532 2929 564 2982; x_wconf 88' lang='grc'>11</span> <span class='ocrx_word' id='word_1_183' title='bbox 588 2922 621 2983; x_wconf 92' lang='lat' dir='ltr'>in</span> <span class='ocrx_word' id='word_1_184' title='bbox 646 2941 728 2982; x_wconf 92' lang='lat' dir='ltr'>onus</span> <span class='ocrx_word' id='word_1_185' title='bbox 754 2922 945 3002; x_wconf 90' lang='lat' dir='ltr'>impositum</span> <span class='ocrx_word' id='word_1_186' title='bbox 969 2920 1065 2982; x_wconf 89' lang='lat' dir='ltr'>aliam</span> <span class='ocrx_word' id='word_1_187' title='bbox 1089 2923 1262 3002; x_wconf 89' lang='lat' dir='ltr'>pecuniam</span> <span class='ocrx_word' id='word_1_188' title='bbox 1290 2944 1362 2985; x_wconf 89' lang='lat' dir='ltr'>mu-</span> 
     </span>
     <span class='ocr_line' id='line_1_23' title="bbox 137 3027 1361 3116; baseline 0.003 -24"><span class='ocrx_word' id='word_1_189' title='bbox 137 3031 218 3092; x_wconf 90' lang='lat' dir='ltr'>tuati</span> <span class='ocrx_word' id='word_1_190' title='bbox 243 3027 369 3115; x_wconf 75' lang='grc'>311111(3</span> <span class='ocrx_word' id='word_1_191' title='bbox 398 3030 453 3116; x_wconf 93' lang='grc'>22)</span> <span class='ocrx_word' id='word_1_192' title='bbox 479 3040 591 3094; x_wconf 89' lang='lat' dir='ltr'>contra</span> <span class='ocrx_word' id='word_1_193' title='bbox 607 3031 760 3094; x_wconf 89' lang='lat' dir='ltr'>disertam</span> <span class='ocrx_word' id='word_1_194' title='bbox 779 3040 963 3093; x_wconf 90' lang='lat' dir='ltr'>contractus</span> <span class='ocrx_word' id='word_1_195' title='bbox 981 3033 1216 3096; x_wconf 91' lang='lat' dir='ltr'>condicionem.</span> <span class='ocrx_word' id='word_1_196' title='bbox 1244 3034 1361 3097; x_wconf 89' lang='lat' dir='ltr'>Evecti</span> 
     </span>
    </p>
   </div>
   <div class='ocr_carea' id='block_1_3' title="bbox 29 3141 1361 3226">
    <p class='ocr_par' dir='ltr' id='par_1_6' title="bbox 29 3141 1361 3226">
     <span class='ocr_line' id='line_1_24' title="bbox 29 3141 1361 3226; baseline 0.004 -25"><span class='ocrx_word' id='word_1_197' title='bbox 29 3152 33 3164; x_wconf 72' lang='grc'><em>’</em></span> <span class='ocrx_word' id='word_1_198' title='bbox 138 3148 213 3201; x_wconf 90' lang='lat' dir='ltr'>sunt</span> <span class='ocrx_word' id='word_1_199' title='bbox 245 3161 321 3202; x_wconf 89' lang='lat' dir='ltr'>cum</span> <span class='ocrx_word' id='word_1_200' title='bbox 355 3161 435 3202; x_wconf 90' lang='lat' dir='ltr'>nave</span> <span class='ocrx_word' id='word_1_201' title='bbox 469 3143 514 3203; x_wconf 93' lang='lat' dir='ltr'>sic</span> <span class='ocrx_word' id='word_1_202' title='bbox 547 3150 681 3204; x_wconf 89' lang='lat' dir='ltr'>onerata</span> <span class='ocrx_word' id='word_1_203' title='bbox 708 3141 848 3203; x_wconf 89' lang='lat' dir='ltr'>Artemo</span> <span class='ocrx_word' id='word_1_204' title='bbox 873 3150 906 3214; x_wconf 94' lang='lat' dir='ltr'>et</span> <span class='ocrx_word' id='word_1_205' title='bbox 930 3141 1174 3224; x_wconf 91' lang='lat' dir='ltr'>Apollodorus,</span> <span class='ocrx_word' id='word_1_206' title='bbox 1201 3145 1292 3226; x_wconf 91' lang='lat' dir='ltr'>quod</span> <span class='ocrx_word' id='word_1_207' title='bbox 1320 3146 1361 3206; x_wconf 90' lang='lat' dir='ltr'>de</span> 
     </span>
    </p>
   </div>
   <div class='ocr_carea' id='block_1_4' title="bbox 136 3251 1363 4558">
    <p class='ocr_par' dir='ltr' id='par_1_7' title="bbox 136 3251 1363 4558">
     <span class='ocr_line' id='line_1_25' title="bbox 138 3251 1362 3336; baseline 0.005 -24"><span class='ocrx_word' id='word_1_208' title='bbox 138 3253 246 3333; x_wconf 91' lang='lat' dir='ltr'>priore</span> <span class='ocrx_word' id='word_1_209' title='bbox 270 3251 365 3313; x_wconf 84' lang='lat' dir='ltr'>fratre</span> <span class='ocrx_word' id='word_1_210' title='bbox 390 3261 517 3315; x_wconf 90' lang='lat' dir='ltr'>constat</span> <span class='ocrx_word' id='word_1_211' title='bbox 543 3274 560 3313; x_wconf 92' lang='lat' dir='ltr'>e</span> <span class='ocrx_word' id='word_1_212' title='bbox 585 3253 599 3335; x_wconf 88' lang='grc'>3</span> <span class='ocrx_word' id='word_1_213' title='bbox 626 3252 681 3328; x_wconf 84' lang='grc'>16;</span> <span class='ocrx_word' id='word_1_214' title='bbox 709 3253 750 3314; x_wconf 85' lang='grc'>111</span> <span class='ocrx_word' id='word_1_215' title='bbox 774 3252 983 3335; x_wconf 90' lang='lat' dir='ltr'>Apollodoro</span> <span class='ocrx_word' id='word_1_216' title='bbox 991 3273 1065 3331; x_wconf 73' lang='lat' dir='ltr'>pon</span> <span class='ocrx_word' id='word_1_217' title='bbox 1083 3256 1246 3335; x_wconf 87' lang='lat' dir='ltr'>sequitur,</span> <span class='ocrx_word' id='word_1_218' title='bbox 1270 3256 1362 3336; x_wconf 91' lang='lat' dir='ltr'>quod</span> 
     </span>
     <span class='ocr_line' id='line_1_26' title="bbox 138 3360 1363 3447; baseline 0.002 -23"><span class='ocrx_word' id='word_1_219' title='bbox 138 3360 310 3424; x_wconf 87' lang='lat' dir='ltr'>Thalheim</span> <span class='ocrx_word' id='word_1_220' title='bbox 335 3363 420 3439; x_wconf 89' lang='lat' dir='ltr'>vult,</span> <span class='ocrx_word' id='word_1_221' title='bbox 449 3384 466 3424; x_wconf 89' lang='grc'>1</span> <span class='ocrx_word' id='word_1_222' title='bbox 487 3363 603 3444; x_wconf 90' lang='lat' dir='ltr'>plurali</span> <span class='ocrx_word' id='word_1_223' title='bbox 622 3367 637 3443; x_wconf 89' lang='grc'>3</span> <span class='ocrx_word' id='word_1_224' title='bbox 657 3382 694 3443; x_wconf 90' lang='grc'>31</span> <span class='ocrx_word' id='word_1_225' title='bbox 712 3371 783 3429; x_wconf 80' lang='grc' dir='ltr'><strong><em>τοῖς</em></strong></span> <span class='ocrx_word' id='word_1_226' title='bbox 806 3368 968 3436; x_wconf 73' lang='grc' dir='ltr'><em>ἀδελφοῖς</em></span> <span class='ocrx_word' id='word_1_227' title='bbox 990 3361 1077 3447; x_wconf 88' lang='lat' dir='ltr'>(narn</span> <span class='ocrx_word' id='word_1_228' title='bbox 1095 3364 1161 3425; x_wconf 85' lang='lat' dir='ltr'>fieri</span> <span class='ocrx_word' id='word_1_229' title='bbox 1179 3373 1309 3446; x_wconf 86' lang='lat' dir='ltr'>poterat</span> <span class='ocrx_word' id='word_1_230' title='bbox 1328 3375 1363 3428; x_wconf 88' lang='lat' dir='ltr'>ut</span> 
     </span>
     <span class='ocr_line' id='line_1_27' title="bbox 137 3473 1362 3556; baseline 0.002 -21"><span class='ocrx_word' id='word_1_231' title='bbox 137 3473 381 3555; x_wconf 89' lang='lat' dir='ltr'>Apollodorus,</span> <span class='ocrx_word' id='word_1_232' title='bbox 409 3495 607 3556; x_wconf 90' lang='lat' dir='ltr'>quamquam</span> <span class='ocrx_word' id='word_1_233' title='bbox 633 3475 762 3536; x_wconf 91' lang='lat' dir='ltr'>nautico</span> <span class='ocrx_word' id='word_1_234' title='bbox 788 3482 955 3536; x_wconf 90' lang='lat' dir='ltr'>contractu</span> <span class='ocrx_word' id='word_1_235' title='bbox 981 3495 1016 3536; x_wconf 92' lang='lat' dir='ltr'>se</span> <span class='ocrx_word' id='word_1_236' title='bbox 1033 3475 1250 3556; x_wconf 84' lang='lat' dir='ltr'>obligaverat,</span> <span class='ocrx_word' id='word_1_237' title='bbox 1269 3475 1362 3538; x_wconf 94' lang='lat' dir='ltr'>domi</span> 
     </span>
     <span class='ocr_line' id='line_1_28' title="bbox 138 3584 1363 3671; baseline 0.003 -26"><span class='ocrx_word' id='word_1_238' title='bbox 138 3593 299 3660; x_wconf 86' lang='lat' dir='ltr'>maneret;</span> <span class='ocrx_word' id='word_1_239' title='bbox 334 3584 372 3647; x_wconf 84' lang='lat' dir='ltr'>cf.</span> <span class='ocrx_word' id='word_1_240' title='bbox 407 3605 453 3647; x_wconf 90' lang='lat' dir='ltr'>or.</span> <span class='ocrx_word' id='word_1_241' title='bbox 491 3585 599 3671; x_wconf 83' lang='lat'>56,7),</span> <span class='ocrx_word' id='word_1_242' title='bbox 634 3585 692 3646; x_wconf 92' lang='lat' dir='ltr'>sed</span> <span class='ocrx_word' id='word_1_243' title='bbox 726 3586 835 3666; x_wconf 89' lang='lat' dir='ltr'>potius</span> <span class='ocrx_word' id='word_1_244' title='bbox 868 3605 886 3646; x_wconf 92' lang='lat' dir='ltr'>e</span> <span class='ocrx_word' id='word_1_245' title='bbox 918 3585 1098 3666; x_wconf 88' lang='lat' dir='ltr'>pluralibus</span> <span class='ocrx_word' id='word_1_246' title='bbox 1127 3587 1181 3668; x_wconf 93' lang='lat' dir='ltr'>qui</span> <span class='ocrx_word' id='word_1_247' title='bbox 1206 3585 1363 3667; x_wconf 91' lang='lat' dir='ltr'>leguntur</span> 
     </span>
     <span class='ocr_line' id='line_1_29' title="bbox 137 3696 1363 3777; baseline 0.004 -21"><span class='ocrx_word' id='word_1_248' title='bbox 137 3696 168 3777; x_wconf 87' lang='grc'>33</span> <span class='ocrx_word' id='word_1_249' title='bbox 195 3697 255 3772; x_wconf 88' lang='lat'>28,</span> <span class='ocrx_word' id='word_1_250' title='bbox 286 3709 344 3775; x_wconf 86' lang='lat'>52,</span> <span class='ocrx_word' id='word_1_251' title='bbox 375 3710 427 3776; x_wconf 84' lang='lat'>53.</span> <span class='ocrx_word' id='word_1_252' title='bbox 477 3697 622 3759; x_wconf 90' lang='lat' dir='ltr'>Pervecti</span> <span class='ocrx_word' id='word_1_253' title='bbox 649 3698 680 3758; x_wconf 94' lang='lat' dir='ltr'>in</span> <span class='ocrx_word' id='word_1_254' title='bbox 705 3698 846 3758; x_wconf 91' lang='lat' dir='ltr'>Pontum</span> <span class='ocrx_word' id='word_1_255' title='bbox 871 3717 954 3758; x_wconf 91' lang='lat' dir='ltr'>onus</span> <span class='ocrx_word' id='word_1_256' title='bbox 979 3697 1179 3773; x_wconf 91' lang='lat' dir='ltr'>distrahunt,</span> <span class='ocrx_word' id='word_1_257' title='bbox 1198 3697 1305 3775; x_wconf 87' lang='lat' dir='ltr'>aliud,</span> <span class='ocrx_word' id='word_1_258' title='bbox 1327 3709 1363 3762; x_wconf 93' lang='lat' dir='ltr'>ut</span> 
     </span>
     <span class='ocr_line' id='line_1_30' title="bbox 139 3805 1362 3898; baseline 0.003 -30"><span class='ocrx_word' id='word_1_259' title='bbox 139 3807 288 3869; x_wconf 89' lang='lat' dir='ltr'>Lacritus</span> <span class='ocrx_word' id='word_1_260' title='bbox 319 3816 441 3898; x_wconf 88' lang='lat' dir='ltr'>postea</span> <span class='ocrx_word' id='word_1_261' title='bbox 467 3808 655 3884; x_wconf 86' lang='lat' dir='ltr'>affirmavit,</span> <span class='ocrx_word' id='word_1_262' title='bbox 690 3810 862 3891; x_wconf 91' lang='lat' dir='ltr'>imponunt</span> <span class='ocrx_word' id='word_1_263' title='bbox 895 3805 922 3891; x_wconf 86' lang='grc'>(3</span> <span class='ocrx_word' id='word_1_264' title='bbox 960 3809 1012 3890; x_wconf 90' lang='grc'>31)</span> <span class='ocrx_word' id='word_1_265' title='bbox 1044 3809 1102 3870; x_wconf 89' lang='lat' dir='ltr'>sed</span> <span class='ocrx_word' id='word_1_266' title='bbox 1128 3810 1362 3881; x_wconf 78' lang='lat' dir='ltr'>interveniente</span> 
     </span>
     <span class='ocr_line' id='line_1_31' title="bbox 137 3917 1362 4002; baseline 0.002 -23"><span class='ocrx_word' id='word_1_267' title='bbox 137 3917 304 3998; x_wconf 82' lang='lat' dir='ltr'>naufragio</span> <span class='ocrx_word' id='word_1_268' title='bbox 328 3919 414 3999; x_wconf 90' lang='lat' dir='ltr'>perit</span> <span class='ocrx_word' id='word_1_269' title='bbox 438 3918 606 3980; x_wconf 89' lang='lat' dir='ltr'>creditoris</span> <span class='ocrx_word' id='word_1_270' title='bbox 631 3921 750 4000; x_wconf 91' lang='lat' dir='ltr'>pignus</span> <span class='ocrx_word' id='word_1_271' title='bbox 776 3921 922 4000; x_wconf 86' lang='lat' dir='ltr'>exceptis</span> <span class='ocrx_word' id='word_1_272' title='bbox 947 3928 1078 3981; x_wconf 90' lang='lat' dir='ltr'>centum</span> <span class='ocrx_word' id='word_1_273' title='bbox 1105 3920 1277 3982; x_wconf 87' lang='lat' dir='ltr'>stateribus</span> <span class='ocrx_word' id='word_1_274' title='bbox 1296 3919 1362 4002; x_wconf 89' lang='lat' dir='ltr'>Cy-</span> 
     </span>
     <span class='ocr_line' id='line_1_32' title="bbox 136 4027 1362 4115; baseline 0.004 -27"><span class='ocrx_word' id='word_1_275' title='bbox 136 4028 253 4089; x_wconf 90' lang='lat' dir='ltr'>zicenis</span> <span class='ocrx_word' id='word_1_276' title='bbox 286 4029 315 4111; x_wconf 87' lang='grc'>(3</span> <span class='ocrx_word' id='word_1_277' title='bbox 348 4027 414 4115; x_wconf 83' lang='grc'>36).</span> <span class='ocrx_word' id='word_1_278' title='bbox 466 4030 562 4091; x_wconf 91' lang='lat' dir='ltr'>Hanc</span> <span class='ocrx_word' id='word_1_279' title='bbox 586 4038 696 4091; x_wconf 89' lang='lat' dir='ltr'>autem</span> <span class='ocrx_word' id='word_1_280' title='bbox 721 4031 894 4112; x_wconf 89' lang='lat' dir='ltr'>pecuniam</span> <span class='ocrx_word' id='word_1_281' title='bbox 920 4038 1067 4092; x_wconf 90' lang='lat' dir='ltr'>mutuam</span> <span class='ocrx_word' id='word_1_282' title='bbox 1093 4031 1252 4092; x_wconf 90' lang='lat' dir='ltr'>dederunt</span> <span class='ocrx_word' id='word_1_283' title='bbox 1277 4031 1362 4094; x_wconf 91' lang='lat' dir='ltr'>Pha-</span> 
     </span>
     <span class='ocr_line' id='line_1_33' title="bbox 137 4139 1363 4226; baseline 0.005 -26"><span class='ocrx_word' id='word_1_284' title='bbox 137 4139 249 4201; x_wconf 90' lang='lat' dir='ltr'>selitae</span> <span class='ocrx_word' id='word_1_285' title='bbox 274 4139 403 4202; x_wconf 92' lang='lat' dir='ltr'>cuidam</span> <span class='ocrx_word' id='word_1_286' title='bbox 428 4143 518 4203; x_wconf 91' lang='lat' dir='ltr'>navis</span> <span class='ocrx_word' id='word_1_287' title='bbox 543 4143 699 4223; x_wconf 92' lang='lat' dir='ltr'>magistro</span> <span class='ocrx_word' id='word_1_288' title='bbox 725 4139 777 4225; x_wconf 82' lang='lat' dir='ltr'>(cf.</span> <span class='ocrx_word' id='word_1_289' title='bbox 804 4140 911 4226; x_wconf 84' lang='lat' dir='ltr'>ibid),</span> <span class='ocrx_word' id='word_1_290' title='bbox 941 4143 996 4223; x_wconf 93' lang='lat' dir='ltr'>qui</span> <span class='ocrx_word' id='word_1_291' title='bbox 1022 4162 1096 4203; x_wconf 94' lang='lat' dir='ltr'>cum</span> <span class='ocrx_word' id='word_1_292' title='bbox 1122 4150 1294 4204; x_wconf 87' lang='lat' dir='ltr'>conaretur</span> <span class='ocrx_word' id='word_1_293' title='bbox 1320 4145 1363 4206; x_wconf 93' lang='lat' dir='ltr'>ab</span> 
     </span>
     <span class='ocr_line' id='line_1_34' title="bbox 137 4248 1362 4337; baseline 0.005 -27"><span class='ocrx_word' id='word_1_294' title='bbox 137 4249 269 4311; x_wconf 92' lang='lat' dir='ltr'>homine</span> <span class='ocrx_word' id='word_1_295' title='bbox 303 4248 386 4312; x_wconf 86' lang='lat' dir='ltr'>Chio</span> <span class='ocrx_word' id='word_1_296' title='bbox 420 4253 552 4332; x_wconf 92' lang='lat' dir='ltr'>insuper</span> <span class='ocrx_word' id='word_1_297' title='bbox 585 4261 731 4314; x_wconf 91' lang='lat' dir='ltr'>mutuam</span> <span class='ocrx_word' id='word_1_298' title='bbox 763 4272 891 4313; x_wconf 90' lang='lat' dir='ltr'>sumere</span> <span class='ocrx_word' id='word_1_299' title='bbox 916 4253 1088 4333; x_wconf 87' lang='lat' dir='ltr'>pecuniam</span> <span class='ocrx_word' id='word_1_300' title='bbox 1114 4249 1141 4337; x_wconf 88' lang='grc'>(3</span> <span class='ocrx_word' id='word_1_301' title='bbox 1169 4252 1224 4337; x_wconf 87' lang='grc'>52)</span> <span class='ocrx_word' id='word_1_302' title='bbox 1249 4262 1281 4315; x_wconf 88' lang='grc'>11</span> <span class='ocrx_word' id='word_1_303' title='bbox 1306 4254 1362 4316; x_wconf 90' lang='grc'>1111</span> 
     </span>
     <span class='ocr_line' id='line_1_35' title="bbox 137 4359 1361 4445; baseline 0.004 -24"><span class='ocrx_word' id='word_1_304' title='bbox 137 4380 172 4421; x_wconf 89' lang='lat' dir='ltr'>se</span> <span class='ocrx_word' id='word_1_305' title='bbox 197 4359 348 4422; x_wconf 90' lang='lat' dir='ltr'>daturum</span> <span class='ocrx_word' id='word_1_306' title='bbox 374 4381 445 4422; x_wconf 92' lang='lat' dir='ltr'>esse</span> <span class='ocrx_word' id='word_1_307' title='bbox 470 4372 621 4443; x_wconf 83' lang='lat' dir='ltr'>negaret,</span> <span class='ocrx_word' id='word_1_308' title='bbox 642 4364 701 4424; x_wconf 92' lang='lat' dir='ltr'>nisi</span> <span class='ocrx_word' id='word_1_309' title='bbox 720 4360 871 4443; x_wconf 88' lang='lat' dir='ltr'>Cyziceni</span> <span class='ocrx_word' id='word_1_310' title='bbox 888 4362 1065 4424; x_wconf 90' lang='lat' dir='ltr'>Androclis</span> <span class='ocrx_word' id='word_1_311' title='bbox 1084 4365 1361 4445; x_wconf 88' lang='lat' dir='ltr'>oppignarentur,</span> 
     </span>
     <span class='ocr_line' id='line_1_36' title="bbox 138 4471 1363 4558; baseline 0.005 -28"><span class='ocrx_word' id='word_1_312' title='bbox 138 4480 369 4533; x_wconf 88' lang='lat' dir='ltr'>concesserunt</span> <span class='ocrx_word' id='word_1_313' title='bbox 400 4471 540 4534; x_wconf 90' lang='lat' dir='ltr'>Artemo</span> <span class='ocrx_word' id='word_1_314' title='bbox 573 4482 605 4535; x_wconf 91' lang='grc'>11</span> <span class='ocrx_word' id='word_1_315' title='bbox 635 4473 862 4555; x_wconf 90' lang='lat' dir='ltr'>Apollodorus</span> <span class='ocrx_word' id='word_1_316' title='bbox 888 4482 923 4535; x_wconf 90' lang='lat' dir='ltr'>ut</span> <span class='ocrx_word' id='word_1_317' title='bbox 948 4475 979 4534; x_wconf 92' lang='lat' dir='ltr'>in</span> <span class='ocrx_word' id='word_1_318' title='bbox 1004 4476 1123 4555; x_wconf 91' lang='lat' dir='ltr'>pignus</span> <span class='ocrx_word' id='word_1_319' title='bbox 1149 4475 1279 4536; x_wconf 90' lang='lat' dir='ltr'>cederet</span> <span class='ocrx_word' id='word_1_320' title='bbox 1303 4497 1363 4558; x_wconf 92' lang='lat' dir='ltr'>pe-</span> 
     </span>
    </p>
   </div>
   <div class='ocr_carea' id='block_1_5' title="bbox 0 0 1508 5296">
    <p class='ocr_par' dir='ltr' id='par_1_8' title="bbox 0 0 1508 5296">
     <span class='ocr_line' id='line_1_37' title="bbox 0 0 1508 5296; baseline 0 1"><span class='ocrx_word' id='word_1_321' title='bbox 0 0 1508 5296; x_wconf 95' lang='lat' dir='ltr'> </span> 
     </span>
    </p>
   </div>
  </div>
 </body>
</html>
