3008 5296
739 495 777 561 53

89 676 91 687 '
137 675 366 740 Grammatico
391 679 526 758 antiquo
551 679 583 740 in
608 677 712 741 Bekk.
738 677 866 740 Anecd.
892 698 924 759 p.
956 677 1077 757 135,26
1101 686 1220 741 notata.
1256 678 1365 740 Locos

136 787 278 868 collegit
302 787 436 869 Rueger
459 789 562 869 (Diss
589 788 629 849 de
654 796 734 850 orat.
760 787 833 851 adv.
860 786 1050 870 Olympiod.
1082 788 1180 873 1885)
1205 810 1237 871 p.
1266 803 1318 869 51.

190 910 220 976 5.
272 900 440 972 Λάκριτος
468 899 537 959 sine
561 899 645 960 iusta
669 918 768 959 eausa
792 899 957 979 repetitur.
1008 896 1113 980 Saepe
1138 898 1224 960 idem
1250 899 1316 960 fieri
1334 900 1365 961 in

134 1007 329 1069 nominibus
362 1009 501 1089 propriis
535 1007 632 1070 docet
665 1007 871 1070 Schoemann
904 1008 945 1070 ad
979 1009 1061 1071 Isae
1090 1025 1169 1088 3,24
1194 1006 1238 1091 (p.
1266 1009 1362 1096 243),

134 1118 279 1180 afferens
304 1117 395 1179 locos
420 1117 525 1181 Thuc.
555 1121 662 1198 5,18,5
691 1140 716 1181 s.
735 1119 762 1194 f;
792 1133 865 1198 32,5
895 1119 965 1195 sf3
986 1119 1059 1199 36,1
1081 1120 1362 1200 medio;6‚105,2

134 1230 202 1291 sub
230 1229 345 1304 finem;
372 1231 428 1310 qui
454 1250 654 1311 quamquam
678 1251 744 1292 non
774 1251 849 1292 cum
878 1239 990 1292 nostro
1019 1231 1114 1313 plane
1140 1233 1362 1304 consentiunt,

132 1349 252 1402 tamen
277 1359 346 1401 rem
371 1340 545 1421 explicant.
595 1341 721 1403 Verum
746 1362 811 1403 non
834 1349 927 1403 extra
943 1340 1178 1404 dubitationem
1196 1350 1280 1404 sunt.
1316 1341 1363 1406 Cf.

134 1453 242 1513 etiam
268 1449 439 1513 Rehdantz
463 1452 618 1534 Append.
645 1453 660 1514 I
686 1453 728 1514 ad
753 1453 897 1534 Lycurg.
924 1453 938 1534 ξ
965 1455 1018 1530 87.

191 1560 284 1642 Quid
311 1561 471 1624 scribendi
497 1564 636 1645 imperiti
661 1564 810 1625 homines
836 1565 867 1626 in
892 1562 953 1626 hac
978 1585 1012 1625 re
1037 1572 1202 1645 praestare
1218 1566 1363 1646 possint,

136 1674 235 1736 Vides
261 1693 279 1734 e
304 1673 378 1734 loco
403 1691 523 1753 43‚24:
550 1685 595 1750 τῆς
626 1677 788 1751 Φυλομάχης
816 1680 846 1732 δέ
871 1687 916 1751 τῆς
944 1680 1060 1752 ἀδελφῆς
1081 1688 1127 1752 τῆς
1150 1679 1301 1747 Πολέμωνος
1324 1679 1365 1735 καὶ

136 1788 284 1860 Φιλάγρου
305 1783 326 1861 ᾦ
346 1788 441 1843 ἔδωκεν
462 1789 542 1860 αὐτὴν
563 1795 577 1844 ὁ
599 1791 713 1862 ἀδελφάς
736 1790 874 1861 Πολέμων,
897 1823 929 1832 -
950 1823 982 1833 -
1002 1823 1033 1833 -
1056 1824 1087 1832 -
1111 1795 1160 1845 τῦ
1178 1795 1209 1864 δὴ
1232 1790 1364 1863 Φιλάγρου

138 1905 192 1955 τοῦ
213 1903 324 1966 άνεῴιοῦ
343 1903 392 1954 τοῦ
411 1899 564 1966 Πολέμωνος
587 1899 628 1954 καὶ
648 1909 692 1973 τῆς
718 1899 781 1956 Φυλ.
802 1909 847 1973 τῆς
869 1905 911 1956 du.
931 1910 977 1973 τῆς
1000 1901 1152 1967 Πολέμωνος
1178 1936 1210 1944 -
1234 1935 1277 1958 -.
1312 1901 1364 1956 Παλ

142 2009 220 2065 οὗτοι
239 2010 287 2077 μὲν
307 2012 370 2072 υἱεῖς
391 2013 509 2083 ἐγένοντο
530 2010 664 2078 Πολέμωνι
683 2010 724 2065 καὶ
745 2018 777 2084 τῇ
797 2014 900 2085 ἀδελφῇ
919 2019 953 2085 τῇ
973 2012 1125 2079 Πολέμωνος
1152 2011 1306 2086 Φυλομάχῃ.

655 2264 854 2271 m—

707 2454 802 2530 §31-

192 2688 224 2750 7.
273 2680 534 2749 ἠγανακτοῦμεν
553 2676 607 2731 ἐπὶ
627 2681 696 2739 τοῖς
719 2680 928 2751 λεγομένοις.
966 2674 1075 2736 Locos
1099 2674 1188 2736 verbi
1214 2682 1363 2750 ἀγανακτεῖν

138 2805 196 2865 ap.
224 2783 321 2846 Dem.
349 2787 494 2866 usurpati
520 2786 575 2848 dat
600 2784 738 2848 Schulze
763 2786 840 2848 diss.
862 2807 961 2868 supra
977 2785 1126 2848 laudatae
1142 2806 1174 2867 p.
1197 2801 1233 2865 51
1249 2809 1255 2845 :
1274 2793 1363 2866 patet

138 2895 340 2978 plerumque
364 2895 513 2957 absolute
534 2898 630 2978 poni;
649 2896 824 2978 aliquando
841 2918 869 2959 c.
887 2898 970 2960 Ace.
988 2898 1188 2980 pronominis
1205 2896 1254 2978 (ut
1272 2897 1322 2974 8,5
1333 2896 1363 2976 5)

138 3005 196 3068 vel
222 3026 248 3067 c,
275 3010 322 3063 ἐπί
342 3026 369 3068 c.
396 3006 481 3082 Dat;
508 3028 580 3069 raro
605 3009 752 3089 sequitur
775 3014 844 3083 περί
863 3028 890 3070 c.
917 3006 999 3070 Gen.
1025 3007 1159 3090 (41‚22;
1184 3005 1240 3091 25)
1257 3015 1293 3067 ut
1309 3027 1360 3088 ap.

140 3117 225 3197 Lys.
254 3133 364 3192 21,20.

190 3233 230 3285 τὰ
251 3233 421 3304 λεγόμενα
441 3238 477 3291 ut
496 3234 529 3286 τά
548 3232 749 3302 ἐπικαλούμενα,
772 3233 805 3286 τά
825 3232 1043 3304 κατηγορούμενα
1068 3229 1182 3290 Partic.
1206 3249 1289 3309 quae
1306 3249 1362 3289 VO-

140 3360 257 3401 camus
283 3341 477 3422 imperfecti.
521 3341 667 3403 Matzner
683 3340 724 3402 ad
741 3339 878 3422 Antiph.
898 3340 949 3401 ΙΙΙ
968 3349 984 3400 υ
1007 3358 1030 3417 4
1046 3347 1078 3401 et
1094 3339 1135 3401 ad
1154 3339 1235 3419 Lyc.
1254 3342 1269 3416 §
1288 3352 1360 3417 150.

140 3472 175 3532 p.
205 3448 280 3529 336.
331 3447 439 3511 Rehd.
465 3449 506 3511 ad
532 3449 676 3531 Lycurg.
704 3468 757 3530 30.

192 3576 222 3637 7.
277 3566 375 3618 πλέον
404 3563 533 3618 οόὐοὲν
553 3567 588 3636 ἦν
609 3570 644 3623 ut
667 3559 785 3641 36,59;
811 3575 904 3639 47,1;
931 3581 959 3624 c.
986 3561 1062 3624 Dat.
1087 3562 1218 3643 partie:
1245 3578 1360 3640 19‚42;

144 3686 242 3747 20,7;
272 3670 359 3750 55,6.
410 3669 464 3732 Sic
488 3676 564 3728 πλέον
584 3677 663 3727 ποιεῖν
687 3670 818 3733 Andoc.
845 3689 953 3751 1,149.

193 3783 222 3843 8.
272 3790 525 3859 ἀγανακτοῦσιν
547 3788 624 3858 ἡμῖν
649 3782 774 3844 aceedit
798 3782 839 3844 ad
864 3780 1125 3864 epanastrophen
1145 3782 1186 3843 de
1203 3802 1268 3862 qua
1284 3780 1363 3843 insra

140 3892 240 3954 adv.
267 3906 316 3971 15.
363 3893 473 3955 Haase
497 3893 539 3954 ad
564 3893 651 3955 Xen.
677 3893 718 3954 de
744 3894 828 3975 Rep.
855 3894 933 3956 Lac.
961 3907 1030 3973 10,5
1059 3914 1091 3975 p.
1111 3895 1190 3972 185:
1212 3901 1282 3968 „est
1298 3892 1361 3954 hoc

139 4003 322 4066 admodum
351 4004 501 4086 frequens
527 4005 559 4066 in
583 4003 680 4066 rebus
706 4005 818 4066 ordine
843 4003 1046 4087 exponendis
1071 4004 1120 4080 id,
1147 4004 1237 4084 quod
1260 4003 1361 4065 verbo

141 4115 233 4177 finito
258 4115 474 4196 significatum
491 4123 557 4192 est,
576 4115 724 4177 eiusdem
740 4116 829 4178 verbi
846 4117 1017 4198 participio
1034 4114 1213 4197 repetere.’'
1240 4114 1361 4176 Exem-
1456 4156 1459 4161 ·

139 4225 197 4310 pla
221 4226 381 4309 quaedam
407 4226 496 4288 dabit
520 4225 658 4288 Kiihner
683 4226 716 4287 ΙΙ
741 4247 773 4308 p.
800 4225 897 4307 639,1
923 4235 955 4288 et
979 4225 1057 4305 640.

196 4355 245 4398 11.
294 4343 491 4413 παραπλέον
514 4337 598 4399 bene
621 4339 717 4400 vertit
741 4337 784 4400 A.
811 4336 960 4400 Schafer:
994 4358 1055 4413 „an
1081 4339 1138 4399 der
1161 4337 1269 4399 Kiiste
1293 4346 1361 4399 ent-

140 4449 220 4530 lang
243 4447 350 4510 fuhr.'’
