3008 5296
687 517 729 582 37

141 713 196 776 25.
246 707 287 762 ὡς
310 701 538 774 ὑπαρχούσης
561 701 678 762 αὐτοῖς
701 701 748 754 ὑπ.
769 701 898 770 ἐτέρων
919 705 1025 772 τριάκ.
1047 708 1148 766 avoir:
1175 719 1246 758 cum
1270 719 1320 760 as-

85 817 276 870 severarent
310 807 375 869 iam
411 817 485 869 ante
512 808 619 870 adesse
644 808 766 887 pignus
797 807 933 869 eiusdem
960 807 1066 887 pretii.
1122 809 1320 891 Plerumque

87 939 219 980 merces
253 919 425 1000 impositae
458 918 596 1000 duplum
628 919 737 980 valent
761 920 919 999 pecuniae
944 919 975 979 in
1001 919 1038 980 iis
1064 918 1260 995 collocatae,
1288 929 1320 981 et
1427 976 1430 987 ,

87 1030 210 1090 merito
244 1028 360 1091 Bockh
393 1026 421 1111 (Ι
455 1050 487 1110 p.
520 1028 596 1115 169)
628 1029 745 1110 probat
775 1028 901 1090 Reiskii
927 1030 1148 1091 coniecturam
1173 1030 1215 1090 ad
1242 1029 1319 1109 346

86 1159 152 1221 pro
187 1143 232 1196 ΔΙ]
265 1140 403 1221 legentis
436 1132 513 1236 ΙἉἮ
548 1159 623 1200 cum
648 1140 734 1201 enim
760 1159 871 1200 earum
896 1140 1037 1220 pretium
1063 1141 1163 1201 minui
1189 1149 1318 1221 posset,

86 1250 142 1312 vel
179 1250 305 1311 damnis
337 1251 369 1310 in
395 1250 600 1330 navigatione
624 1250 767 1330 acceptis
792 1248 844 1310 vel
869 1257 1004 1330 propter
1028 1255 1177 1326 ἀπρασίαν,
1205 1270 1320 1311 caven-

86 1361 171 1421 dum
206 1368 274 1421 erat
309 1359 471 1422 creditori.
526 1357 681 1420 Ceterum
715 1358 756 1420 de
789 1357 850 1420 hac
883 1379 918 1419 re
951 1360 1113 1421 immerito
1147 1360 1188 1421 de
1221 1360 1319 1422 Vries

86 1469 135 1555 (p.
164 1470 223 1555 48)
249 1471 380 1532 adhibet
406 1471 585 1532 orationem
611 1469 813 1531 XXXIIIam
837 1470 868 1530 in
894 1490 959 1550 qua
984 1471 1092 1544 naviS‚
1111 1469 1319 1552 hypothecae

85 1583 224 1643 nomine
257 1580 400 1663 obligata
432 1582 462 1662 (ξ
488 1579 526 1655 6,
556 1579 588 1664 7)
623 1579 740 1641 eodem
773 1581 878 1660 pretio
911 1581 1018 1641 veniat
1048 1578 1076 1663 (ξ
1108 1580 1162 1661 12)
1186 1601 1254 1661 quo
1279 1583 1320 1643 sit

85 1693 324 1774 oppignerata;
350 1690 420 1753 vult
444 1693 530 1753 enirn
556 1690 728 1752 ostendere
753 1710 819 1751 non
844 1710 974 1772 semper
999 1690 1090 1752 illurn
1116 1712 1212 1753 usum
1238 1691 1320 1753 obti-

84 1804 220 1877 nuisse;
246 1803 337 1883 atqui
363 1801 417 1863 illa
441 1802 550 1878 naviS,
578 1809 613 1862 ut
638 1799 715 1862 ibid.
742 1803 756 1877 ξ
782 1819 804 1879 9
828 1808 935 1881 patet,
962 1801 994 1861 in
1019 1809 1116 1882 portu
1142 1810 1210 1863 erat
1231 1822 1319 1863 man-

84 1933 184 1988 sura;
220 1932 295 1973 curn
330 1932 410 1993 ergo
443 1912 625 1993 periculum
659 1910 785 1972 nullum
819 1919 921 1985 esset,
957 1931 1055 1972 causa
1079 1932 1145 1973 non
1170 1921 1238 1974 erat
1262 1932 1320 1973 cur

83 2023 234 2085 creditor
258 2023 393 2105 duplam
417 2021 640 2104 hypothecam
666 2030 826 2103 posceret.

137 2132 230 2196 Orat.
250 2133 329 2214 34,6
347 2133 473 2195 diffisus
490 2133 628 2196 debitori
645 2132 763 2214 aliquis
781 2137 895 2198 δανείζει
914 2133 956 2190 ἐπὶ
977 2139 1057 2208 ἑτέρᾳ
1077 2137 1210 2210 ὑποθήκῃ,
1230 2134 1320 2215 quod

81 2244 220 2308 videtur
252 2244 411 2320 indicare,
446 2265 522 2305 eum
555 2249 655 2320 ἔγγειον
688 2262 821 2324 quoque
854 2243 976 2326 aliquid
1009 2245 1218 2326 poposcisse;
1245 2264 1320 2305 nam

82 2364 200 2417 utrum
233 2354 458 2417 fraudulentus
487 2353 588 2416 homo
614 2374 769 2436 magnum
795 2374 835 2415 an
860 2374 997 2435 parvum
1022 2356 1141 2436 pignus
1166 2353 1320 2415 aveheret

81 2464 134 2528 nil
159 2466 312 2527 intererat
337 2464 516 2526 creditoris

139 2592 193 2652 27.
228 2576 329 2632 Ιεἶναι
351 2611 384 2619 -
406 2580 667 2648 καθισταμένην.
702 2573 740 2636 cf.
770 2572 812 2634 ad
844 2575 916 2651 §8
965 2572 1065 2635 Adde
1090 2574 1319 2635 Westermann

85 2684 133 2747 ad
169 2686 257 2762 πρὸ.
308 2686 501 2742 Καννίσπασναι
523 2704 602 2745 vero
628 2683 745 2745 dicitur
771 2683 812 2744 de
836 2684 942 2764 pretio
968 2692 1003 2745 ut
1031 2683 1125 2763 56,8;
1157 2701 1215 2758 10;
1241 2683 1317 2744 ibid.

86 2813 129 2875 7:
157 2802 318 2857 σονιστάναιῑ
345 2815 481 2874 augem
513 2794 551 2855 8:
577 2800 755 2871 συνετιμήθη,
784 2810 844 2871 24:
871 2798 901 2850 αι’
918 2795 991 2864 τιμαὶ
1010 2800 1184 2870 ἐπετέταντο,
1208 2802 1320 2854 contra

88 2924 109 2968 2
118 2920 153 2986 5:
181 2910 227 2971 τὰς
249 2890 325 2975 τιράς
348 2913 467 2963 ἀνεικέναι
496 2905 580 2965 sicui
607 2919 725 2984 32‚25:
749 2914 764 2963 ὁ
784 2913 854 2972 σῖτος
875 2913 1011 2983 ἐπανῆκεν,
1036 2905 1130 2985 56,9;
1152 2909 1191 2963 ἐπ’
1211 2909 1319 2962 ἔλαττον

85 3023 217 3092 βαδίζειν.

141 3144 193 3206 27.
244 3131 302 3186 σὺν
323 3133 394 3193 τοῖς
416 3131 639 3196 ἀναλώμασιν.
680 3128 881 3209 Praepositio
906 3133 952 3188 σύν
977 3130 1009 3190 in
1033 3128 1148 3191 Attico
1169 3149 1320 3191 sermone

89 3240 220 3315 solut0,
255 3239 281 3299 si
315 3235 573 3318 Xenophontem
600 3238 798 3319 excipimus
826 3240 1004 3314 rarissima,
1032 3240 1064 3300 in
1089 3260 1227 3321 corpore
1253 3240 1319 3301 De-

90 3348 273 3412 mosthenis
306 3349 490 3409 orationum
519 3347 678 3409 terdecies
703 3355 829 3410 tantum
855 3349 991 3430 legitur:
1020 3366 1139 3429 27‚23;
1168 3368 1228 3429 313
1257 3364 1318 3430 35;

94 3463 154 3541 38;
186 3474 244 3538 503
271 3457 334 3534 61;
363 3459 482 3537 28,13;
512 3473 607 3537 34,7;
639 3472 779 3538 19,155;
809 3477 928 3539 31‚11;
958 3478 1053 3539 29,1;
1082 3461 1144 3543 Ep.
1168 3478 1261 3536 1‚12;
1288 3463 1319 3523 in

92 3571 211 3654 quibus
236 3568 393 3631 tredecim
419 3568 499 3630 locis
524 3569 637 3631 novies
662 3571 823 3632 invenitur
847 3572 879 3633 in
904 3571 1104 3632 orationibus
1125 3571 1320 3633 iuvenilibus

92 3681 250 3756 XXVII,
290 3679 464 3754 XXVIII,
504 3678 645 3754 XXXI,
685 3680 806 3741 XXIX
844 3689 894 3742 ter
927 3682 958 3742 in
991 3683 1109 3762 spuriis
1143 3681 1300 3743 XXXIV

92 3791 233 3854 XXXV
265 3798 297 3852 et
330 3790 435 3871 Epist.
470 3789 571 3851 semel
602 3797 729 3852 tanturn
763 3792 794 3852 in
827 3793 969 3874 genuina
1002 3794 1148 3853 oratione
1175 3812 1195 3853 a
1221 3793 1318 3855 Dem.

91 3904 297 3986 provectiore
333 3908 440 3962 aetate
476 3901 663 3991 conscripta
696 3903 758 3974 περὶ
786 3913 829 3976 τῆς
861 3905 1096 3975 Παραπρεσβείας,
1153 3900 1321 3982 Significat

86 4023 202 4076 autem
236 4012 450 4093 plerumque,
486 4018 521 4071 ut
552 4009 623 4086 hic,
657 4010 781 4091 aliquid
815 4010 1161 4093 comprehendendum
1191 4032 1263 4072 esse
1289 4014 1320 4073 in
1420 4005 1421 4008 ¹

92 4125 198 4185 maius
224 4121 402 4204 quoddam.
430 4120 468 4182 Cf.
496 4121 579 4182 Isaei
605 4121 714 4182 Iocum
739 4122 809 4197 8‚8:
836 4126 882 4180 σὺν
902 4126 1015 4192 ἱματίοις
1038 4124 1079 4178 καὶ
1100 4127 1223 4198 χρυσίοις
1244 4130 1320 4180 πέντε

91 4236 133 4292 καὶ
159 4235 238 4291 εἰποσι
262 4243 328 4302 μναῖς
350 4235 474 4308 ἐπιδούς,
506 4231 560 4293 ubi
585 4240 719 4294 annotat
745 4231 961 4295 Schoemann:
995 4241 1103 4294 vestes
1129 4254 1263 4315 quoque
1288 4241 1320 4294 et

91 4365 212 4408 aureus
242 4352 374 4405 ornatus
399 4344 468 4405 doti
492 4342 695 4404 accensenda
720 4351 813 4418 sunt3
832 4351 863 4404 et
881 4343 1036 4405 Karlowa
1052 4343 1319 4424 (Bemerkungen

91 4477 167 4519 zum
201 4454 419 4538 Sprachgebr.
453 4455 511 4516 des
545 4454 607 4529 D.,
643 4454 734 4515 Pless
773 4455 872 4540 1883)
905 4476 937 4536 p.
970 4456 1000 4516 8.
1051 4454 1101 4516 Ita
1125 4454 1227 4515 semel
1251 4462 1320 4515 tan-
