3008 5296
655 543 692 588 21

108 721 140 784 6.
191 723 246 779 ἐπὶ
272 723 363 780 οἴνου
393 727 577 796 κεραμίοις
604 724 794 786 Μενδαίοις
821 726 1048 798 τρισχιλίοις.
1099 721 1152 782 De
1185 722 1226 778 ἐπὶ
1260 743 1288 783 c,

60 832 184 894 Dativo
217 831 259 893 ad
290 833 411 913 pignus
440 831 689 911 significandum
714 832 753 894 cf.
782 846 901 910 27,27;
928 829 1048 909 42,26;
1077 831 1138 906 28;
1164 845 1286 910 49,53;

60 958 152 1023 37,4.
205 942 386 1003 Htillmann
419 963 451 1023 p.
489 958 526 1002 21
565 942 717 1004 observat
740 942 937 1024 plerumque
962 939 1187 1022 (exceptiones
1213 949 1289 1003 sunt

59 1051 179 1115 Strabo
215 1054 333 1132 5‚328‚
371 1052 496 1114 Herod.
525 1051 593 1137 3,6)
617 1052 706 1134 apud
730 1062 857 1115 veteres
883 1054 994 1113 vinum
1018 1053 1230 1132 transportari
1257 1053 1288 1113 in

57 1162 211 1246 pellibus.
262 1163 316 1224 De
347 1165 423 1224 vino
457 1163 632 1244 importato
666 1166 697 1224 in
728 1165 869 1225 Pontum
895 1162 933 1224 cf.
962 1161 1230 1224 Buchsenschiitz
1255 1183 1287 1244 p.

58 1290 138 1352 422.
191 1273 372 1336 Hullmann
397 1294 429 1355 p.
461 1287 653 1353 135—153.

108 1383 194 1446 Cum
221 1388 358 1449 Μενδαίοις
381 1389 519 1459 κεραμίοις
548 1404 703 1466 compara
728 1404 813 1465 quae
838 1383 979 1465 plurima
1003 1384 1170 1464 congessit
1192 1382 1288 1463 Blay-

58 1496 118 1557 des
151 1495 193 1557 ad
225 1495 328 1558 Arist.
364 1496 443 1576 Lys.
474 1495 563 1575 ‚1962
593 1500 685 1554 θάσιινν
705 1497 775 1553 otton
795 1500 926 1565 σταμνίον.
977 1494 1136 1574 Tragicos
1161 1501 1289 1555 constat

58 1607 165 1669 multo
197 1608 398 1688 frequentius
430 1608 598 1669 adiectivis
632 1627 710 1668 usos
742 1626 815 1667 esse
838 1626 899 1688 pro
925 1606 1069 1687 genitivo
1095 1604 1287 1666 substantivi

57 1716 210 1801 (Lobeck
243 1718 285 1779 ad
318 1716 421 1799 Soph.
455 1717 511 1779 Ai.
543 1716 593 1802 7),
621 1717 677 1798 qui
704 1737 782 1777 usus
808 1717 839 1777 in
864 1717 1032 1797 poeticum
1059 1714 1286 1776 Romanorum

57 1849 245 1891 sermonem
277 1831 403 1891 transiit
435 1827 608 1913 (Forbiger
640 1828 682 1890 ad
707 1828 808 1909 Verg.
835 1827 921 1890 Aen.
949 1826 1069 1906 8,526:
1096 1819 1287 1907 Tyrrhenus

56 1940 157 2002 tubae
182 1939 342 2027 clangor).

108 2065 138 2128 7.
188 2055 377 2109 πλεύσεται
402 2050 443 2112 de
468 2050 583 2125 rebuS,
611 2058 646 2111 ut
675 2049 770 2111 Dem.
799 2065 911 2128 20,31.
938 2047 1024 2110 Xen.
1045 2046 1134 2109 Hell.
1158 2062 1285 2121 1,1,22;

56 2161 193 2238 4,8,27;
221 2162 355 2242 Krtiger
379 2161 421 2223 ad
446 2159 551 2223 Thu'c.
573 2179 601 2240 3,
609 2174 623 2239 5
635 2177 696 2236 1,2.
739 2160 789 2222 Ita
807 2160 905 2221 etiam
922 2168 1014 2239 φοιτᾶν
1031 2158 1136 2220 Thuc.
1153 2159 1286 2233 8,18,1;

56 2274 122 2328 ἰέναι
147 2272 233 2335 Xen.
262 2272 351 2334 Hell.
377 2289 479 2349 4,2,1.

108 2385 139 2448 8.
188 2385 367 2458 εἰκοσόρῳ.
415 2382 525 2444 Naves
546 2383 660 2462 viginti
685 2401 852 2443 remorum
871 2382 935 2442 iam
952 2380 1188 2461 antiquissimis
1205 2386 1287 2439 tem·

55 2494 194 2576 poribus
227 2501 543 2555 commemorantur:
584 2493 685 2555 Hom.
722 2492 761 2555 Il.
797 2496 906 2572 1,'309.
941 2489 1006 2553 Od.
1038 2492 1146 2567 1,280.
1180 2488 1285 2551 Thuc.

61 2621 209 2681 1,10,14.
261 2604 469 2683 Hesychius:
496 2606 632 2677 εἰκοσόρος
654 2609 715 2666 νοῦς
739 2608 877 2678 φορτηγὸς
900 2605 989 2657 τελεία
1009 2603 1196 2663 εἰκοσάκιοκος.
1214 2597 1287 2660 Pol-

56 2716 118 2778 lux
149 2716 233 2789 1,82.
285 2714 338 2776 De
363 2735 401 2776 ea
425 2714 464 2776 cf.
492 2713 611 2776 Graser
635 2710 692 2800 (de
708 2722 856 2777 veterum
874 2733 909 2774 re
926 2710 1030 2773 navali
1053 2710 1153 2792 1864)
1170 2732 1202 2792 p.
1221 2708 1284 2788 46:

56 2827 207 2888 oneraria
232 2826 322 2886 navis
346 2826 427 2887 velis
453 2834 557 2901 mota,
586 2845 671 2907 quae
695 2845 819 2907 paucos
843 2843 952 2885 remos
977 2822 1152 2884 auxiliares
1170 2820 1286 2896 habet,

56 2945 92 2999 et
123 2935 212 3017 apud
238 2934 379 2996 eundem
405 2956 437 3017 p.
464 2935 542 3013 46‚2
570 2936 822 3016 descriptionem
849 2953 988 3014 magnae
1015 2933 1170 2994 Hieronis
1196 2933 1286 2992 navis

56 3068 103 3110 ex
128 3045 302 3108 Athenaeo
327 3046 360 3107 V
384 3068 416 3127 p.
438 3046 670 3126 206d-209e.
710 3047 849 3126 Magnas
874 3043 933 3105 has
958 3063 1057 3105 naves
1081 3043 1181 3104 fuisse
1198 3050 1287 3124 patet

56 3179 103 3220 ex
121 3157 229 3218 oneris
247 3177 376 3218 summa
386 3179 393 3232 ;
406 3166 445 3218 'et
464 3175 566 3237 34,1o
583 3157 733 3218 videmus
750 3164 878 3238 praeter
895 3162 1009 3216 nautas
1023 3161 1161 3230 τριακόσια
1176 3163 1289 3224 σώματα

55 3269 192 3341 ἐλεύθερα
217 3268 248 3328 in
274 3269 420 3330 oneraria
440 3288 523 3331 nave
540 3288 612 3329 esse
628 3267 696 3350 (ubi
714 3275 823 3329 tamen
842 3265 986 3327 Blassius
1004 3263 1106 3325 edidit
1123 3261 1288 3343 τριάκοντα).

56 3378 99 3441 cf.
126 3379 223 3439 etiam
250 3377 518 3440 Biichsenschiitz
542 3400 574 3461 p.
601 3395 680 3456 420.
733 3422 736 3427 -

109 3489 140 3549 8.
190 3493 383 3564 ναυκληρεῖ.
432 3487 532 3551 Salm.
567 3488 608 3550 de
640 3489 758 3552 Usuris
783 3508 815 3569 p.
846 3501 929 3566 517:
956 3489 1101 3560 ναύκληρος
1127 3483 1290 3545 navicula·
1330 3478 1332 3481 ¹

56 3600 145 3675 riuS,
172 3601 262 3661 navis
284 3601 443 3681 magister
466 3620 504 3661 ac
530 3600 683 3661 dominus
709 3599 765 3679 qui
783 3618 855 3659 eam
873 3598 959 3659 locat
976 3596 1158 3657 mercatori.
1187 3593 1289 3673 Quod

55 3711 145 3772 bene
178 3709 316 3790 quadrat
348 3712 379 3771 in
411 3709 503 3771 locos
530 3709 634 3791 qualis
660 3716 710 3770 est
736 3724 880 3788 23,211;
907 3707 982 3769 alibi
1007 3715 1117 3767 tamen
1142 3707 1287 3778 ναύκληρος

58 3840 175 3881 servus
199 3827 249 3881 est
276 3834 349 3900 345
379 3820 417 3882 cf.
447 3836 543 3900 34,7;
571 3822 641 3902 ipse
666 3826 882 3880 mercaturam
907 3817 981 3879 facit
1008 3832 1105 3896 32,4;
1136 3812 1248 3894 34‚36.
