3008 5296
655 513 696 593 65

10 706 12 711 ’
105 714 164 774 De
197 712 402 774 articulis
435 712 466 772 in
496 716 552 770 riv
579 715 639 766 Διά
666 715 722 766 τὸν
749 710 880 765 ἄνακτα
910 707 948 770 cf.
977 721 1119 786 21,115;
1152 707 1291 785 18‚253;

53 822 220 886 Schoem.
246 820 288 884 ad
314 822 397 883 Isae.
424 842 456 902 p.
483 836 550 899 417
577 840 646 902 seq.

109 950 168 995 22.
217 934 272 990 καὶ
305 935 386 997 τοὺς
421 933 527 995 θεοὺς
562 935 723 995 ἅπαντας.
773 929 826 989 De
863 928 1068 1000 invocatione
1101 936 1292 989 cunctorum

52 1044 202 1105 deorum
228 1042 264 1105 of.
290 1033 522 1103 Amerssoordt
545 1060 597 1121 ap.
625 1037 751 1101 Schaef.
778 1038 904 1120 Appar.
933 1036 1011 1100 Crit.
1039 1038 1072 1113 1,
1099 1059 1131 1120 p.
1159 1039 1236 1100 802.

107 1151 280 1216 Omissum
313 1151 410 1217 ἄλλους
439 1151 570 1233 (legitur
601 1159 710 1211 tamen
743 1149 836 1230 9,54)
869 1169 912 1209 ex
946 1169 1007 1210 usu
1031 1149 1196 1209 communi
1226 1157 1291 1224 est,

53 1284 163 1346 quem
187 1264 330 1325 imitatus
355 1269 405 1323 est
431 1260 513 1322 Hor.
541 1257 605 1322 Od.
638 1276 722 1336 1,10‚
730 1277 765 1338 5:
793 1258 914 1337 Magni
936 1258 1021 1320 lovzlr
1040 1259 1235 1332 etdeorum,·
1253 1258 1292 1320 cf.

55 1373 132 1436 Cic.
166 1373 263 1435 Tusc.
282 1385 391 1451 4‚5‚9:
422 1369 615 1449 Chrysippus
639 1379 669 1430 et
693 1368 809 1443 Stoz'ci,·
836 1367 988 1431 Schoem.
1015 1369 1056 1431 ad
1083 1369 1165 1431 Isae.
1198 1368 1292 1445 1‚16;

55 1483 245 1547 Schneider
268 1483 311 1545 ad
336 1482 437 1543 Isocr.
463 1479 562 1561 9,56;
589 1479 731 1560 Blaydes
755 1480 797 1541 ad
821 1479 882 1541 Ar.
909 1479 1021 1542 Plutus
1048 1497 1082 1555 1;
1109 1479 1216 1562 Kriig.
1236 1478 1292 1543 Gr.

46 1594 222 1675 .69,32,2;
251 1591 421 1654 Rehdantz
447 1591 518 1654 Ind.
546 1591 560 1651 Ι
587 1611 612 1653 s.
639 1612 669 1653 v.
697 1590 923 1671 Erweiterung
949 1607 979 1669 3.

110 1722 166 1781 24.
202 1707 395 1777 Ἰσοκράτει
415 1704 587 1776 ἀργύριον
608 1704 812 1758 ἀναλίσκειν.
839 1698 893 1761 Sic
910 1703 1053 1757 ἀναλίσκειν
1070 1721 1097 1762 c,
1117 1701 1193 1763 Dat,
1213 1723 1294 1762 mer-

56 1816 167 1877 cedem
192 1814 271 1875 dare
295 1811 414 1894 legitur
436 1812 552 1891 18,19;
575 1809 693 1890 58‚64;
716 1810 754 1872 cs.
777 1824 887 1891 59‚23.
915 1810 1041 1871 Notum
1055 1819 1105 1872 est
1120 1814 1293 1892 pecuniam

58 1928 93 1989 id
111 1927 272 2009 temporis
290 1924 418 1986 solitam
437 1943 510 1984 esse
527 1923 596 1984 dari
614 1921 813 1999 rhetoribus,
833 1925 889 2004 qui
907 1919 957 2005 (ut
973 1923 1017 1983 ait
1033 1921 1136 1984 Isocr.
1155 1922 1244 2008 13,9)
1262 1934 1294 1998 τῇ

59 2042 202 2111 μικρότητι
228 2047 281 2093 τῶν
307 2042 411 2104 μισιλιῦν
437 2035 479 2091 καὶ
503 2044 541 2109 τῷ
563 2040 671 2107 μεγέθει
691 2046 743 2090 τῶν
764 2039 972 2109 ἐπογγελμάιιον
996 2032 1180 2095 alliciebant
1204 2034 1295 2095 audi-

59 2155 170 2214 tores;
196 2153 296 2225 atque
321 2145 391 2226 ipse
408 2143 510 2206 Isocr,
535 2155 627 2221 15‚5:
655 2150 703 2199 τοῦ
723 2145 839 2200 πλούτου
853 2144 894 2198 καὶ
909 2150 958 2199 τοῦ
971 2146 1085 2218 πλήθους
1100 2155 1153 2199 univ
1166 2149 1295 2218 μαθητῶν

61 2276 164 2318 causa
189 2275 225 2316 se
249 2256 388 2336 petitum
414 2274 486 2316 esse
512 2253 590 2315 dicit
614 2253 742 2314 actione
767 2259 935 2316 ἀντιδόσεως.
970 2252 1023 2313 De
1047 2253 1153 2333 pretio
1170 2253 1295 2314 institu-

60 2367 163 2429 tionis
188 2365 324 2427 consule
349 2363 621 2427 Biichsenschiitz
639 2384 670 2425 u.
689 2384 715 2426 s,
733 2385 765 2445 p.
788 2361 870 2441 564,
889 2371 921 2423 et
940 2363 1050 2439 BlasS,
1069 2363 1140 2426 Art.
1160 2364 1293 2426 Bereds

62 2476 110 2538 II.
138 2495 171 2557 p.
197 2473 253 2555 63.

115 2598 168 2665 25.
218 2591 401 2662 μαινοίμην
435 2591 500 2662 γὰρ
533 2589 570 2642 ἅν
603 2592 639 2645 ut
672 2584 821 2646 Prooem.
849 2596 947 2662 45,4;
977 2583 1037 2646 Ar.
1072 2584 1156 2647 Plut.
1189 2600 1293 2662 ΙΟ7Ο;

62 2695 200 2759 Thesm.
232 2695 306 2776 196.

116 2805 169 2870 26.
219 2810 257 2864 οὐ
283 2812 452 2877 μέντοι-
477 2829 514 2880 γε
547 2825 619 2866 raro
654 2807 841 2887 iunguntur.
893 2805 947 2866 Ex
979 2806 1017 2866 iis
1047 2826 1131 2886 quae
1158 2805 1294 2867 Lobeck

63 2917 108 2980 ad
133 2917 254 2998 Phryn.
280 2937 312 2997 p.
341 2930 405 2994 342
433 2934 451 2975 e
477 2915 574 2977 Dem.
600 2915 709 2991 affert,
729 2915 819 2977 solus
837 2916 929 2977 locus
953 2917 1073 2992 18,112
1093 2917 1190 2978 etiam
1208 2937 1294 2978 nunc

64 3030 113 3091 sic
146 3026 275 3108 legitur.
326 3025 431 3086 Extra
462 3024 609 3088 Atticam
635 3026 811 3088 dialectum
844 3026 916 3088 serri
949 3047 1048 3108 posse
1080 3028 1228 3103 videtur;
1255 3028 1293 3091 cs.

65 3138 216 3200 Matzner
239 3137 282 3199 ad
306 3134 444 3217 Antiph.
471 3157 502 3219 p.
532 3151 608 3216 252.
715 3198 718 3203 ,

116 3247 170 3311 26.
219 3249 318 3318 οἶμαι
338 3253 406 3303 δεῖν
431 3267 529 3328 saepe
555 3249 586 3309 in
612 3248 845 3324 confutatione,
864 3247 955 3309 velut
973 3265 1092 3326 22,40;
1114 3263 1213 3328 5427
1232 3259 1294 3313 cet.

63 3357 308 3422 Adnotandum
320 3355 463 3433 videtur,
479 3359 642 3419 interdum
655 3360 792 3420 verbum
807 3365 858 3415 δεῖν
871 3358 993 3421 nullam
1007 3361 1039 3421 in
1052 3359 1114 3421 hac
1128 3369 1295 3422 construc-

63 3471 156 3532 tione
181 3468 302 3530 habere
326 3469 392 3529 vim
417 3468 459 3529 ad
484 3470 678 3531 mutandum
705 3490 818 3531 casum
835 3479 1046 3551 sequentem;
1066 3470 1104 3533 cs.
1124 3471 1295 3534 Francken

65 3579 254 3643 Comment.
286 3579 365 3658 Lys.
392 3600 424 3660 p.
452 3593 491 3658 75
521 3600 566 3656 s.,
594 3582 649 3661 qui
674 3580 766 3642 affert
791 3581 835 3643 D.
855 3594 996 3660 19,235;
1021 3598 1163 3661 24,131,
1183 3591 1244 3645 cet.
1263 3592 1295 3645 et

65 3691 177 3771 Kriig.
207 3704 337 3769 55,2,2;
369 3687 539 3765 Gebauer,
566 3690 722 3772 Append.
748 3691 790 3753 ad
816 3691 895 3771 Lys
922 3713 954 3773 p.
981 3710 1059 3772 494.
1111 3693 1163 3753 De
1189 3714 1294 3775 gram-

65 3802 263 3864 maticorum
288 3811 493 3876 commento,
520 3804 597 3871 οἶμαι
622 3802 685 3863 dici
710 3803 752 3863 de
777 3812 865 3863 certa
889 3804 1118 3883 persuasione,
1146 3805 1233 3872 oiipae
1254 3805 1295 3865 de

64 3913 223 3995 opinione
240 3912 375 3986 incerta,
394 3911 469 3972 vide
487 3910 640 3974 Schoem.
659 3913 700 3973 ad
719 3913 801 3975 Isae.
820 3934 852 3994 p.
869 3930 932 3992 293
949 3934 990 3989 s.,
1009 3922 1108 3994 atque
1122 3915 1167 3975 sic
1182 3913 1293 3979 Schol.

63 4023 110 4086 ad
134 4021 194 4085 Ar.
221 4022 305 4085 Plut.
334 4021 399 4099 267
427 4023 511 4095 (οἶμαι
531 4027 561 4080 δὲ
581 4029 609 4097 νὴ
629 4029 673 4080 τὸν
694 4027 807 4097 οὐρανὸν
827 4025 867 4080 καὶ
888 4027 977 4093 ψωλὸν
998 4027 1079 4080 αὐτὸν
1096 4024 1186 4095 εἴναι);
1207 4029 1292 4091 καλῶς

65 4141 102 4194 τὸ
123 4134 214 4204 οἶμαι·
239 4169 271 4179 -
290 4169 322 4180 -
345 4143 426 4192 τοῦτο
446 4144 534 4209 κμοφῆ
554 4140 582 4189 ὒν
602 4139 654 4190 ἀπὸ
675 4135 803 4202 εἷκασμοῦ
822 4137 899 4209 λέγει.

118 4261 171 4323 27.
220 4252 528 4319 καταφρονοῦντας
557 4244 609 4300 καὶ
635 4246 815 4312 οἰομένους
839 4245 971 4307 ιλεινοὺς
994 4243 1088 4300 εἶναι.
1121 4249 1295 4316 κατοφμονεῖν

63 4355 156 4419 nude
189 4354 335 4436 positum
367 4351 487 4434 legitur
510 4351 642 4414 Andoc
669 4351 766 4428 4‚16;
794 4351 879 4413 Xen.
908 4351 997 4413 Hell.
1026 4367 1133 4430 3‚2,1;
1159 4369 1293 4429 4,4,10;

64 4463 203 4546 4‚8‚36;
231 4463 345 4546 διον·
378 4477 439 4544 125·

1177 4596 1190 4651 5
