3008 5296
671 521 731 564 VIII

207 696 251 779 9).
301 696 495 760 Accuratius
528 699 588 760 sibi
621 701 791 782 inquirenti
825 699 1010 762 Androcles
1044 701 1212 764 contendit
1238 723 1316 764 con·

300 809 437 870 cessisse
463 809 645 885 Lacritum‚
673 811 828 872 maiorem
854 820 979 891 partem
1004 813 1106 874 mutui
1124 832 1315 893 superesse;

298 938 411 980 verum
435 919 565 982 fratrem
590 941 662 982 eam
687 921 832 983 elocasse
857 913 1039 984 Phaselitae
1056 923 1205 999 cuidam;
1224 925 1316 1005 quod

179 1066 181 1070 ·
298 1038 409 1111 aperte
433 1051 578 1113 pugnare
603 1053 677 1094 cum
703 1032 890 1114 syngrapha
915 1034 1022 1096 denuo
1047 1020 1182 1095 recitato

641 1140 820 1204 Contractu
843 1144 869 1223 (ἕ
896 1142 951 1222 37)

299 1250 516 1327 demonstrat,
555 1253 595 1313 de
632 1273 698 1335 quo
734 1253 943 1314 vehementer
976 1255 1153 1334 interrogat
1188 1255 1314 1318 iudices

297 1361 374 1443 quid
403 1363 558 1438 sentiant,
585 1363 766 1444 acerbeque
791 1366 998 1444 conqueritur
1022 1364 1111 1425 nihili
1137 1385 1215 1426 eum
1241 1386 1315 1428 esse

297 1472 415 1535 sactum
440 1494 459 1535 a
484 1473 684 1536 debitoribus
709 1475 735 1555 (ᾗ
761 1474 886 1554 38,39).

243 1632 248 1645 .
298 1584 435 1665 Propter
459 1604 538 1666 quas
563 1583 703 1646 fallacias
721 1587 767 1646 ira
783 1584 935 1666 abreptus
953 1585 1112 1648 invehitur
1130 1587 1161 1647 in
1180 1586 1313 1668 sophis·

295 1695 393 1756 ticam
427 1696 659 1756 institutionem
693 1703 725 1756 et
758 1704 860 1757 artem
897 1697 1035 1770 Lacriti‚
1063 1696 1215 1779 discipuli
1243 1698 1314 1759 Iso-

297 1807 410 1882 cratis,
437 1807 553 1890 quibus
577 1807 676 1868 fretus
702 1809 931 1891 exceptionem
957 1809 1196 1888 interposuerit.
1246 1808 1313 1872 Sed

298 1938 390 1992 eum,
417 1938 613 2000 quamquam
638 1918 844 2000 profitentem
870 1939 904 1979 se
929 1918 1110 1999 sophistam
1136 1920 1312 1982 malarum-

296 2048 359 2109 que
383 2031 500 2091 artium
525 2029 694 2090 doctorem
719 2049 784 2091 non
805 2049 845 2090 eo
863 2029 1077 2092 adducturum
1096 2050 1168 2091 esse
1186 2031 1313 2094 Iudices

296 2148 332 2201 ut
356 2139 488 2202 credant
512 2141 697 2221 pactionem
721 2161 741 2202 a
765 2140 935 2202 Phaselitis
953 2161 1018 2201 non
1035 2161 1107 2202 esse
1124 2142 1312 2222 migratam.

296 2250 410 2332 Itaque
443 2259 552 2312 orator
580 2259 737 2332 provocat
762 2252 927 2313 Lacritum
952 2250 993 2312 ad
1018 2251 1314 2316 demonstrandum

296 2381 360 2443 qua
383 2361 515 2423 tandem
541 2382 575 2423 re
600 2364 669 2443 Ipse
695 2363 762 2423 iure
788 2363 829 2423 sit
852 2363 960 2443 potior
986 2363 1012 2442 (ἕ
1037 2365 1202 2442 40-43).

716 2473 890 2534 Refutatio

243 2633 248 2644 .
298 2583 344 2646 Ut
376 2591 485 2644 autem
515 2584 668 2664 exceptio
697 2584 811 2644 iniuria
835 2592 924 2645 mota
949 2602 1021 2651 esse
1045 2583 1211 2660 videatur,
1240 2606 1314 2666 per-

298 2693 388 2754 hibet
421 2693 510 2755 illum
548 2693 665 2755 acerbe
702 2702 894 2755 exacturum
929 2694 1044 2768 fuisse,
1083 2695 1108 2755 si
1134 2693 1314 2757 Artemoni

297 2812 427 2867 mortuo
464 2804 640 2886 quidquam
677 2803 818 2865 Athenis
855 2804 1000 2866 debitum
1036 2805 1164 2879 suisset,
1205 2827 1315 2888 neque

297 2915 476 2977 hereditate
508 2916 606 2977 fuisse
639 2935 823 2990 cessurum,
859 2915 917 2976 sed
949 2916 1182 2977 affirmaturum
1214 2917 1315 2978 fuisse

298 3027 464 3088 Lacritum
489 3026 578 3088 litem
603 3047 676 3087 esse
701 3028 926 3087 mercatoriam
951 3029 983 3108 (ςΙ
1005 3026 1167 3107 44-45).

242 3187 247 3199 .
299 3138 414 3199 Monet
438 3158 536 3219 porro
562 3158 644 3220 quae
669 3158 727 3200 sua
751 3137 894 3218 pericula
918 3139 982 3199 sInt
999 3139 1024 3198 si
1043 3157 1139 3199 causa
1156 3137 1317 3200 ceciderit

297 3258 472 3332 rogatque,
500 3249 635 3330 sIngulis
661 3248 902 3329 magistratibus
927 3249 1139 3322 enumeratis,
1165 3250 1218 3309 cui
1238 3249 1317 3311 talia

297 3361 413 3422 iudicia
446 3362 509 3422 sInt
540 3360 714 3435 tradenda,
742 3361 801 3421 nisi
827 3359 902 3422 huic
926 3360 1109 3434 tradantur,
1137 3378 1214 3420 cum
1242 3362 1316 3442 r'pse

297 3474 338 3534 sit
362 3481 539 3547 mercator,
567 3472 620 3533 ille
645 3473 833 3534 mercatoris
859 3471 952 3533 heres
975 3471 1003 3553 (5
1022 3470 1170 3550 46-49,
1197 3470 1316 3554 Atque

297 3584 405 3646 denuo
430 3583 595 3664 digressus
621 3585 652 3645 in

691 3694 918 3755 Narrationem

298 3806 498 3867 demonstrat
534 3826 569 3867 se
607 3806 725 3866 Lacriti
760 3824 860 3886 opera
892 3807 924 3865 in
958 3812 1105 3865 extrema
1136 3813 1317 3868 venturum

297 3918 394 3979 suisse
419 3917 562 3998 pericula
586 3925 720 3999 propter
745 3915 835 3996 leges
852 3915 988 3977 violatas
996 3938 1003 3990 ;
1026 3935 1090 3976 non
1109 3915 1195 3975 enim
1206 3916 1317 3979 licere

297 4029 467 4110 pecuniam
493 4036 637 4089 mutuam
663 4027 739 4088 dare
764 4027 824 4088 nisi
846 4046 928 4107 quae
945 4025 1094 4087 Athenas
1111 4027 1151 4086 sit
1169 4027 1318 4090 reditura

297 4138 327 4222 (ξ
354 4149 425 4219 50),
452 4159 534 4220 quae
559 4159 610 4200 res
983 4135 984 4138 ’

678 4249 770 4330 Lege
795 4249 927 4310 recitata

298 4362 453 4444 probatur
477 4361 505 4442 (ξ
535 4361 606 4441 51);
633 4380 690 4421 eos
715 4368 825 4421 autem
850 4379 964 4440 passos
990 4379 1062 4420 esse
1079 4378 1161 4420 onus
1180 4379 1242 4421 sua
1259 4382 1317 4442 pe-

299 4474 393 4535 cunia
425 4482 571 4554 emptum
603 4470 698 4533 avehi
732 4468 867 4545 Chium;
899 4469 986 4550 quod
1011 4490 1076 4552 quo
1101 4468 1202 4530 modo
1230 4474 1318 4534 acci-
