<?xml version="1.0" encoding="UTF-8"?>
<!DOCTYPE html PUBLIC "-//W3C//DTD XHTML 1.0 Transitional//EN"
    "http://www.w3.org/TR/xhtml1/DTD/xhtml1-transitional.dtd">
<html xmlns="http://www.w3.org/1999/xhtml" xml:lang="en" lang="en">
 <head>
  <title>
</title>
<meta http-equiv="Content-Type" content="text/html;charset=utf-8" />
  <meta name='ocr-system' content='tesseract 3.04.00' />
  <meta name='ocr-capabilities' content='ocr_page ocr_carea ocr_par ocr_line ocrx_word'/>
</head>
<body>
  <div class='ocr_page' id='page_1' title='image "./annotationesadd00hanngoog_0063.png"; bbox 0 0 3008 5296; ppageno 0'>
   <div class='ocr_carea' id='block_1_1' title="bbox 733 519 776 582">
    <p class='ocr_par' dir='ltr' id='par_1_1' title="bbox 733 519 776 582">
     <span class='ocr_line' id='line_1_1' title="bbox 733 519 776 582; baseline 0 -18"><span class='ocrx_word' id='word_1_1' title='bbox 733 519 776 582; x_wconf 78' lang='lat'>30</span> 
     </span>
    </p>
   </div>
   <div class='ocr_carea' id='block_1_2' title="bbox 57 694 1376 2655">
    <p class='ocr_par' dir='ltr' id='par_1_2' title="bbox 57 694 1376 1110">
     <span class='ocr_line' id='line_1_2' title="bbox 57 694 1376 780; baseline 0.005 -24"><span class='ocrx_word' id='word_1_2' title='bbox 57 710 60 715; x_wconf 79' lang='grc'><em>·</em></span> <span class='ocrx_word' id='word_1_3' title='bbox 140 716 206 757; x_wconf 94' lang='lat' dir='ltr'>non</span> <span class='ocrx_word' id='word_1_4' title='bbox 231 697 495 777; x_wconf 81' lang='lat' dir='ltr'>requirebantur,</span> <span class='ocrx_word' id='word_1_5' title='bbox 523 706 558 759; x_wconf 92' lang='lat' dir='ltr'>ut</span> <span class='ocrx_word' id='word_1_6' title='bbox 583 694 699 759; x_wconf 88' lang='lat' dir='ltr'>Gneist</span> <span class='ocrx_word' id='word_1_7' title='bbox 723 719 755 780; x_wconf 91' lang='lat' dir='ltr'>p.</span> <span class='ocrx_word' id='word_1_8' title='bbox 781 697 848 777; x_wconf 84' lang='grc'>468</span> <span class='ocrx_word' id='word_1_9' title='bbox 875 719 900 761; x_wconf 93' lang='lat' dir='ltr'>s.</span> <span class='ocrx_word' id='word_1_10' title='bbox 927 699 1138 761; x_wconf 90' lang='lat' dir='ltr'>demonstrat.</span> <span class='ocrx_word' id='word_1_11' title='bbox 1190 698 1376 762; x_wconf 89' lang='lat' dir='ltr'>Clausulae</span> 
     </span>
     <span class='ocr_line' id='line_1_3' title="bbox 139 808 1375 891; baseline 0.003 -23"><span class='ocrx_word' id='word_1_12' title='bbox 139 815 269 868; x_wconf 93' lang='lat' dir='ltr'>nostrae</span> <span class='ocrx_word' id='word_1_13' title='bbox 293 808 367 868; x_wconf 92' lang='lat' dir='ltr'>loco</span> <span class='ocrx_word' id='word_1_14' title='bbox 393 809 425 869; x_wconf 94' lang='lat' dir='ltr'>in</span> <span class='ocrx_word' id='word_1_15' title='bbox 449 816 644 870; x_wconf 91' lang='lat' dir='ltr'>testamento</span> <span class='ocrx_word' id='word_1_16' title='bbox 673 808 725 888; x_wconf 88' lang='lat'>36,</span> <span class='ocrx_word' id='word_1_17' title='bbox 733 824 772 888; x_wconf 82' lang='lat'>52</span> <span class='ocrx_word' id='word_1_18' title='bbox 792 817 863 883; x_wconf 78' lang='grc' dir='ltr'><em>ἀραί</em></span> <span class='ocrx_word' id='word_1_19' title='bbox 874 818 1096 871; x_wconf 90' lang='lat' dir='ltr'>memorantur</span> <span class='ocrx_word' id='word_1_20' title='bbox 1113 811 1139 871; x_wconf 90' lang='lat' dir='ltr'>si</span> <span class='ocrx_word' id='word_1_21' title='bbox 1157 811 1232 891; x_wconf 91' lang='lat' dir='ltr'>quis</span> <span class='ocrx_word' id='word_1_22' title='bbox 1250 810 1375 872; x_wconf 87' lang='lat' dir='ltr'>violas-</span> 
     </span>
     <span class='ocr_line' id='line_1_4' title="bbox 139 917 1373 1001; baseline 0.003 -23"><span class='ocrx_word' id='word_1_23' title='bbox 139 926 188 979; x_wconf 89' lang='lat' dir='ltr'>set</span> <span class='ocrx_word' id='word_1_24' title='bbox 213 919 282 979; x_wconf 92' lang='lat' dir='ltr'>eius</span> <span class='ocrx_word' id='word_1_25' title='bbox 307 917 416 980; x_wconf 85' lang='lat' dir='ltr'>verba.</span> <span class='ocrx_word' id='word_1_26' title='bbox 460 918 512 979; x_wconf 94' lang='lat' dir='ltr'>De</span> <span class='ocrx_word' id='word_1_27' title='bbox 537 918 693 980; x_wconf 88' lang='lat' dir='ltr'>infinitivo</span> <span class='ocrx_word' id='word_1_28' title='bbox 710 921 743 980; x_wconf 94' lang='lat' dir='ltr'>in</span> <span class='ocrx_word' id='word_1_29' title='bbox 759 919 963 995; x_wconf 86' lang='lat' dir='ltr'>foederibus,</span> <span class='ocrx_word' id='word_1_30' title='bbox 983 920 1128 1001; x_wconf 79' lang='lat' dir='ltr'>legibuS,</span> <span class='ocrx_word' id='word_1_31' title='bbox 1149 930 1211 983; x_wconf 91' lang='lat' dir='ltr'>cet.</span> <span class='ocrx_word' id='word_1_32' title='bbox 1231 922 1373 983; x_wconf 91' lang='lat' dir='ltr'>varianti</span> 
     </span>
     <span class='ocr_line' id='line_1_5' title="bbox 138 1027 1242 1110; baseline 0.003 -21"><span class='ocrx_word' id='word_1_33' title='bbox 138 1048 214 1089; x_wconf 94' lang='lat' dir='ltr'>cum</span> <span class='ocrx_word' id='word_1_34' title='bbox 241 1029 361 1110; x_wconf 89' lang='lat' dir='ltr'>Imper.</span> <span class='ocrx_word' id='word_1_35' title='bbox 411 1028 550 1091; x_wconf 80' lang='lat' dir='ltr'>Kiihner</span> <span class='ocrx_word' id='word_1_36' title='bbox 576 1030 608 1090; x_wconf 89' lang='grc' dir='ltr'>ΙΙ</span> <span class='ocrx_word' id='word_1_37' title='bbox 638 1027 718 1108; x_wconf 62' lang='grc'>5891</span> <span class='ocrx_word' id='word_1_38' title='bbox 745 1028 850 1092; x_wconf 92' lang='lat' dir='ltr'>Thuc.</span> <span class='ocrx_word' id='word_1_39' title='bbox 881 1032 1010 1109; x_wconf 86' lang='lat'>5‚18,5;</span> <span class='ocrx_word' id='word_1_40' title='bbox 1037 1030 1153 1106; x_wconf 88' lang='lat'>6,8,10</span> <span class='ocrx_word' id='word_1_41' title='bbox 1177 1039 1242 1092; x_wconf 88' lang='lat' dir='ltr'>cet.</span> 
     </span>
    </p>

    <p class='ocr_par' dir='ltr' id='par_1_3' title="bbox 135 1136 1373 2655">
     <span class='ocr_line' id='line_1_6' title="bbox 172 1136 1373 1222; baseline 0.003 -24"><span class='ocrx_word' id='word_1_42' title='bbox 172 1155 240 1199; x_wconf 90' lang='lat'>·12.</span> <span class='ocrx_word' id='word_1_43' title='bbox 291 1136 481 1219; x_wconf 89' lang='lat' dir='ltr'>Sequuntur</span> <span class='ocrx_word' id='word_1_44' title='bbox 505 1140 637 1200; x_wconf 92' lang='lat' dir='ltr'>nomina</span> <span class='ocrx_word' id='word_1_45' title='bbox 657 1141 791 1201; x_wconf 92' lang='lat' dir='ltr'>testium</span> <span class='ocrx_word' id='word_1_46' title='bbox 810 1148 845 1201; x_wconf 91' lang='lat' dir='ltr'>ut</span> <span class='ocrx_word' id='word_1_47' title='bbox 862 1141 894 1201; x_wconf 95' lang='lat' dir='ltr'>in</span> <span class='ocrx_word' id='word_1_48' title='bbox 912 1141 1006 1202; x_wconf 92' lang='lat' dir='ltr'>inscr.</span> <span class='ocrx_word' id='word_1_49' title='bbox 1026 1138 1153 1202; x_wconf 86' lang='lat' dir='ltr'>Caueri.</span> <span class='ocrx_word' id='word_1_50' title='bbox 1184 1141 1265 1202; x_wconf 89' lang='lat' dir='ltr'>Post</span> <span class='ocrx_word' id='word_1_51' title='bbox 1287 1162 1373 1222; x_wconf 92' lang='lat' dir='ltr'>quo-</span> 
     </span>
     <span class='ocr_line' id='line_1_7' title="bbox 137 1250 1372 1331; baseline 0.006 -23"><span class='ocrx_word' id='word_1_52' title='bbox 137 1268 210 1309; x_wconf 87' lang='lat' dir='ltr'>rum</span> <span class='ocrx_word' id='word_1_53' title='bbox 243 1251 374 1310; x_wconf 88' lang='lat' dir='ltr'>nomina</span> <span class='ocrx_word' id='word_1_54' title='bbox 407 1250 572 1331; x_wconf 90' lang='lat' dir='ltr'>sequitur:</span> <span class='ocrx_word' id='word_1_55' title='bbox 607 1257 624 1307; x_wconf 83' lang='grc' dir='ltr'><em>ἁ</em></span> <span class='ocrx_word' id='word_1_56' title='bbox 650 1254 823 1326; x_wconf 51' lang='lat' dir='ltr'>cour-spana</span> <span class='ocrx_word' id='word_1_57' title='bbox 852 1257 908 1325; x_wconf 78' lang='grc' dir='ltr'>πὰρ</span> <span class='ocrx_word' id='word_1_58' title='bbox 935 1256 1064 1324; x_wconf 53' lang='lat' dir='ltr'>ripaduun</span> <span class='ocrx_word' id='word_1_59' title='bbox 1093 1253 1240 1320; x_wconf 69' lang='grc' dir='ltr'><em>Ίιμινκλεῑας</em></span> <span class='ocrx_word' id='word_1_60' title='bbox 1277 1260 1313 1313; x_wconf 87' lang='lat' dir='ltr'>et</span> <span class='ocrx_word' id='word_1_61' title='bbox 1340 1254 1372 1315; x_wconf 93' lang='lat' dir='ltr'>in</span> 
     </span>
     <span class='ocr_line' id='line_1_8' title="bbox 137 1357 1368 1434; baseline -0.005 -15"><span class='ocrx_word' id='word_1_62' title='bbox 137 1357 211 1420; x_wconf 84' lang='lat' dir='ltr'>Wa.</span> <span class='ocrx_word' id='word_1_63' title='bbox 239 1359 252 1418; x_wconf 85' lang='grc' dir='ltr'>Ι</span> <span class='ocrx_word' id='word_1_64' title='bbox 279 1359 311 1419; x_wconf 84' lang='lat' dir='ltr'>in</span> <span class='ocrx_word' id='word_1_65' title='bbox 336 1358 417 1420; x_wconf 83' lang='lat' dir='ltr'>fine:</span> <span class='ocrx_word' id='word_1_66' title='bbox 442 1364 509 1417; x_wconf 82' lang='grc' dir='ltr'><em>κατὰ</em></span> <span class='ocrx_word' id='word_1_67' title='bbox 529 1365 574 1432; x_wconf 77' lang='grc' dir='ltr'><em>τὴν</em></span> <span class='ocrx_word' id='word_1_68' title='bbox 593 1365 750 1434; x_wconf 70' lang='grc' dir='ltr'><em>συγγραφὴν</em></span> <span class='ocrx_word' id='word_1_69' title='bbox 770 1364 815 1433; x_wconf 77' lang='grc' dir='ltr'><em>τὴν</em></span> <span class='ocrx_word' id='word_1_70' title='bbox 829 1365 944 1433; x_wconf 80' lang='grc' dir='ltr'><em>κειμένην</em></span> <span class='ocrx_word' id='word_1_71' title='bbox 957 1365 1023 1432; x_wconf 80' lang='grc' dir='ltr'><em>παρ’</em></span> <span class='ocrx_word' id='word_1_72' title='bbox 1039 1360 1213 1432; x_wconf 75' lang='grc' dir='ltr'><em>Εὐρυκλεῖ-</em></span> <span class='ocrx_word' id='word_1_73' title='bbox 1233 1396 1265 1405; x_wconf 96' lang='grc'>-</span> <span class='ocrx_word' id='word_1_74' title='bbox 1287 1397 1320 1406; x_wconf 89' lang='lat'>--</span> <span class='ocrx_word' id='word_1_75' title='bbox 1337 1397 1368 1406; x_wconf 90' lang='lat'><em>-</em></span> 
     </span>
     <span class='ocr_line' id='line_1_9' title="bbox 136 1465 1371 1541; baseline 0.006 -17"><span class='ocrx_word' id='word_1_76' title='bbox 136 1470 332 1541; x_wconf 82' lang='grc' dir='ltr'><em>Μάμτυρες-</em></span> <span class='ocrx_word' id='word_1_77' title='bbox 350 1504 380 1512; x_wconf 92' lang='grc'><strong>-</strong></span> <span class='ocrx_word' id='word_1_78' title='bbox 398 1505 440 1529; x_wconf 95' lang='grc'>-.</span> <span class='ocrx_word' id='word_1_79' title='bbox 491 1468 540 1529; x_wconf 90' lang='lat' dir='ltr'>Ita</span> <span class='ocrx_word' id='word_1_80' title='bbox 570 1467 642 1529; x_wconf 91' lang='lat' dir='ltr'>Wa.</span> <span class='ocrx_word' id='word_1_81' title='bbox 671 1465 704 1527; x_wconf 93' lang='grc' dir='ltr'>ΙΙ</span> <span class='ocrx_word' id='word_1_82' title='bbox 729 1467 761 1527; x_wconf 97' lang='lat' dir='ltr'>in</span> <span class='ocrx_word' id='word_1_83' title='bbox 786 1465 848 1528; x_wconf 89' lang='lat' dir='ltr'>fine</span> <span class='ocrx_word' id='word_1_84' title='bbox 873 1468 1005 1528; x_wconf 90' lang='lat' dir='ltr'>nomina</span> <span class='ocrx_word' id='word_1_85' title='bbox 1029 1468 1172 1529; x_wconf 88' lang='lat' dir='ltr'>testium.</span> <span class='ocrx_word' id='word_1_86' title='bbox 1224 1468 1268 1529; x_wconf 88' lang='lat' dir='ltr'>Et</span> <span class='ocrx_word' id='word_1_87' title='bbox 1299 1467 1371 1531; x_wconf 88' lang='lat' dir='ltr'>Sal-</span> 
     </span>
     <span class='ocr_line' id='line_1_10' title="bbox 137 1574 1370 1661; baseline 0.003 -24"><span class='ocrx_word' id='word_1_88' title='bbox 137 1577 258 1638; x_wconf 90' lang='lat' dir='ltr'>masius</span> <span class='ocrx_word' id='word_1_89' title='bbox 292 1577 426 1658; x_wconf 91' lang='lat' dir='ltr'>quidem</span> <span class='ocrx_word' id='word_1_90' title='bbox 459 1574 514 1661; x_wconf 87' lang='lat' dir='ltr'>(de</span> <span class='ocrx_word' id='word_1_91' title='bbox 548 1576 652 1638; x_wconf 93' lang='lat' dir='ltr'>Modo</span> <span class='ocrx_word' id='word_1_92' title='bbox 688 1576 787 1639; x_wconf 89' lang='lat' dir='ltr'>Usur.</span> <span class='ocrx_word' id='word_1_93' title='bbox 814 1576 846 1637; x_wconf 94' lang='lat' dir='ltr'>X</span> <span class='ocrx_word' id='word_1_94' title='bbox 875 1576 954 1661; x_wconf 75' lang='grc'>389)</span> <span class='ocrx_word' id='word_1_95' title='bbox 979 1576 1130 1657; x_wconf 87' lang='lat' dir='ltr'>perhibet</span> <span class='ocrx_word' id='word_1_96' title='bbox 1154 1579 1370 1660; x_wconf 85' lang='lat' dir='ltr'>syngraphae</span> 
     </span>
     <span class='ocr_line' id='line_1_11' title="bbox 135 1687 1367 1769; baseline 0.004 -22"><span class='ocrx_word' id='word_1_97' title='bbox 135 1707 266 1769; x_wconf 87' lang='lat' dir='ltr'>semper</span> <span class='ocrx_word' id='word_1_98' title='bbox 291 1688 451 1750; x_wconf 90' lang='lat' dir='ltr'>subscribi</span> <span class='ocrx_word' id='word_1_99' title='bbox 476 1688 610 1749; x_wconf 95' lang='lat' dir='ltr'>solitum</span> <span class='ocrx_word' id='word_1_100' title='bbox 635 1707 707 1748; x_wconf 88' lang='lat' dir='ltr'>esse</span> <span class='ocrx_word' id='word_1_101' title='bbox 731 1707 751 1748; x_wconf 90' lang='lat' dir='ltr'>a</span> <span class='ocrx_word' id='word_1_102' title='bbox 774 1687 930 1763; x_wconf 87' lang='lat' dir='ltr'>testibus,</span> <span class='ocrx_word' id='word_1_103' title='bbox 958 1689 1010 1748; x_wconf 93' lang='lat' dir='ltr'>cui</span> <span class='ocrx_word' id='word_1_104' title='bbox 1036 1689 1067 1748; x_wconf 93' lang='lat' dir='ltr'>in</span> <span class='ocrx_word' id='word_1_105' title='bbox 1093 1687 1154 1749; x_wconf 94' lang='lat' dir='ltr'>hac</span> <span class='ocrx_word' id='word_1_106' title='bbox 1179 1709 1213 1749; x_wconf 94' lang='lat' dir='ltr'>re</span> <span class='ocrx_word' id='word_1_107' title='bbox 1233 1689 1367 1753; x_wconf 81' lang='lat' dir='ltr'>Bockh.</span> 
     </span>
     <span class='ocr_line' id='line_1_12' title="bbox 136 1795 1368 1880; baseline 0.003 -22"><span class='ocrx_word' id='word_1_108' title='bbox 136 1798 169 1873; x_wconf 83' lang='lat'>1,</span> <span class='ocrx_word' id='word_1_109' title='bbox 202 1797 260 1859; x_wconf 86' lang='lat'>161</span> <span class='ocrx_word' id='word_1_110' title='bbox 290 1799 516 1880; x_wconf 87' lang='lat' dir='ltr'>adstipulatur.</span> <span class='ocrx_word' id='word_1_111' title='bbox 567 1795 689 1859; x_wconf 84' lang='lat' dir='ltr'>Contra</span> <span class='ocrx_word' id='word_1_112' title='bbox 715 1796 829 1859; x_wconf 90' lang='lat' dir='ltr'>Gneist</span> <span class='ocrx_word' id='word_1_113' title='bbox 853 1818 885 1878; x_wconf 94' lang='lat' dir='ltr'>p.</span> <span class='ocrx_word' id='word_1_114' title='bbox 912 1800 978 1875; x_wconf 84' lang='lat'>448</span> <span class='ocrx_word' id='word_1_115' title='bbox 999 1797 1095 1859; x_wconf 89' lang='lat' dir='ltr'>docet</span> <span class='ocrx_word' id='word_1_116' title='bbox 1113 1799 1368 1880; x_wconf 86' lang='lat' dir='ltr'>subscriptionis</span> 
     </span>
     <span class='ocr_line' id='line_1_13' title="bbox 136 1908 1366 1991; baseline 0.004 -23"><span class='ocrx_word' id='word_1_117' title='bbox 136 1908 210 1969; x_wconf 91' lang='lat' dir='ltr'>loco</span> <span class='ocrx_word' id='word_1_118' title='bbox 236 1911 420 1991; x_wconf 88' lang='lat' dir='ltr'>consignari</span> <span class='ocrx_word' id='word_1_119' title='bbox 445 1909 591 1984; x_wconf 75' lang='lat' dir='ltr'>tabulas,</span> <span class='ocrx_word' id='word_1_120' title='bbox 618 1917 751 1970; x_wconf 89' lang='lat' dir='ltr'>etcum</span> <span class='ocrx_word' id='word_1_121' title='bbox 776 1909 960 1970; x_wconf 84' lang='lat' dir='ltr'>testamenti</span> <span class='ocrx_word' id='word_1_122' title='bbox 985 1916 1102 1984; x_wconf 91' lang='lat' dir='ltr'>testes,</span> <span class='ocrx_word' id='word_1_123' title='bbox 1123 1929 1266 1989; x_wconf 91' lang='lat' dir='ltr'>quorum</span> <span class='ocrx_word' id='word_1_124' title='bbox 1285 1913 1366 1973; x_wconf 90' lang='lat' dir='ltr'>item</span> 
     </span>
     <span class='ocr_line' id='line_1_14' title="bbox 136 2016 1362 2105; baseline 0.002 -25"><span class='ocrx_word' id='word_1_125' title='bbox 136 2020 268 2081; x_wconf 91' lang='lat' dir='ltr'>nomina</span> <span class='ocrx_word' id='word_1_126' title='bbox 292 2019 411 2082; x_wconf 88' lang='lat' dir='ltr'>tabulis</span> <span class='ocrx_word' id='word_1_127' title='bbox 436 2021 620 2082; x_wconf 88' lang='lat' dir='ltr'>testamenti</span> <span class='ocrx_word' id='word_1_128' title='bbox 645 2018 850 2080; x_wconf 90' lang='lat' dir='ltr'>addebantur</span> <span class='ocrx_word' id='word_1_129' title='bbox 875 2016 1042 2101; x_wconf 87' lang='lat' dir='ltr'>(Schoem.</span> <span class='ocrx_word' id='word_1_130' title='bbox 1067 2018 1110 2080; x_wconf 90' lang='lat' dir='ltr'>ad</span> <span class='ocrx_word' id='word_1_131' title='bbox 1136 2019 1219 2082; x_wconf 89' lang='lat' dir='ltr'>Isae.</span> <span class='ocrx_word' id='word_1_132' title='bbox 1247 2022 1362 2105; x_wconf 89' lang='lat'>9,12),</span> 
     </span>
     <span class='ocr_line' id='line_1_15' title="bbox 136 2129 1364 2214; baseline 0.003 -24"><span class='ocrx_word' id='word_1_133' title='bbox 136 2150 233 2211; x_wconf 89' lang='lat' dir='ltr'>saepe</span> <span class='ocrx_word' id='word_1_134' title='bbox 266 2151 307 2192; x_wconf 91' lang='lat' dir='ltr'>ne</span> <span class='ocrx_word' id='word_1_135' title='bbox 339 2132 459 2192; x_wconf 91' lang='lat' dir='ltr'>scirent</span> <span class='ocrx_word' id='word_1_136' title='bbox 491 2130 625 2212; x_wconf 92' lang='lat' dir='ltr'>quidem</span> <span class='ocrx_word' id='word_1_137' title='bbox 659 2130 737 2211; x_wconf 94' lang='lat' dir='ltr'>quid</span> <span class='ocrx_word' id='word_1_138' title='bbox 770 2138 966 2191; x_wconf 90' lang='lat' dir='ltr'>testamento</span> <span class='ocrx_word' id='word_1_139' title='bbox 999 2130 1124 2192; x_wconf 90' lang='lat' dir='ltr'>iussum</span> <span class='ocrx_word' id='word_1_140' title='bbox 1151 2139 1238 2192; x_wconf 90' lang='lat' dir='ltr'>esset</span> <span class='ocrx_word' id='word_1_141' title='bbox 1264 2129 1364 2214; x_wconf 90' lang='lat' dir='ltr'>(Isae.</span> 
     </span>
     <span class='ocr_line' id='line_1_16' title="bbox 136 2240 1365 2328; baseline 0.003 -29"><span class='ocrx_word' id='word_1_142' title='bbox 136 2259 209 2318; x_wconf 83' lang='lat'>4‚4:</span> <span class='ocrx_word' id='word_1_143' title='bbox 236 2246 322 2300; x_wconf 78' lang='grc' dir='ltr'><em>αὐτοῦ</em></span> <span class='ocrx_word' id='word_1_144' title='bbox 340 2249 422 2311; x_wconf 85' lang='grc' dir='ltr'><em>μόνου</em></span> <span class='ocrx_word' id='word_1_145' title='bbox 443 2250 492 2299; x_wconf 86' lang='grc' dir='ltr'>τοῦ</span> <span class='ocrx_word' id='word_1_146' title='bbox 510 2246 658 2298; x_wconf 79' lang='grc' dir='ltr'><em>καταλιπεῖν</em></span> <span class='ocrx_word' id='word_1_147' title='bbox 678 2246 803 2315; x_wconf 66' lang='grc' dir='ltr'><em>διαθήκας</em></span> <span class='ocrx_word' id='word_1_148' title='bbox 825 2245 969 2312; x_wconf 78' lang='grc' dir='ltr'><em>μάρτυρας</em></span> <span class='ocrx_word' id='word_1_149' title='bbox 985 2244 1160 2313; x_wconf 75' lang='grc' dir='ltr'><em>παρίστανται</em></span> <span class='ocrx_word' id='word_1_150' title='bbox 1177 2240 1215 2302; x_wconf 86' lang='lat' dir='ltr'>cf.</span> <span class='ocrx_word' id='word_1_151' title='bbox 1234 2241 1365 2328; x_wconf 81' lang='lat' dir='ltr'>(Dem.)</span> 
     </span>
     <span class='ocr_line' id='line_1_17' title="bbox 136 2350 1365 2437; baseline 0.002 -25"><span class='ocrx_word' id='word_1_152' title='bbox 136 2351 253 2437; x_wconf 85' lang='lat'>46,28)</span> <span class='ocrx_word' id='word_1_153' title='bbox 278 2372 344 2413; x_wconf 94' lang='lat' dir='ltr'>non</span> <span class='ocrx_word' id='word_1_154' title='bbox 367 2353 496 2414; x_wconf 91' lang='lat' dir='ltr'>videtur</span> <span class='ocrx_word' id='word_1_155' title='bbox 521 2352 606 2413; x_wconf 92' lang='lat' dir='ltr'>iusta</span> <span class='ocrx_word' id='word_1_156' title='bbox 630 2370 729 2412; x_wconf 89' lang='lat' dir='ltr'>causa</span> <span class='ocrx_word' id='word_1_157' title='bbox 754 2369 826 2411; x_wconf 92' lang='lat' dir='ltr'>esse</span> <span class='ocrx_word' id='word_1_158' title='bbox 848 2369 906 2410; x_wconf 92' lang='lat' dir='ltr'>cur</span> <span class='ocrx_word' id='word_1_159' title='bbox 923 2350 955 2410; x_wconf 94' lang='lat' dir='ltr'>in</span> <span class='ocrx_word' id='word_1_160' title='bbox 972 2351 1193 2412; x_wconf 91' lang='lat' dir='ltr'>contractibus</span> <span class='ocrx_word' id='word_1_161' title='bbox 1211 2353 1365 2414; x_wconf 92' lang='lat' dir='ltr'>ineundis</span> 
     </span>
     <span class='ocr_line' id='line_1_18' title="bbox 136 2457 1367 2545; baseline 0 -20"><span class='ocrx_word' id='word_1_162' title='bbox 136 2465 197 2545; x_wconf 92' lang='lat' dir='ltr'>ipsi</span> <span class='ocrx_word' id='word_1_163' title='bbox 221 2471 321 2525; x_wconf 92' lang='lat' dir='ltr'>testes</span> <span class='ocrx_word' id='word_1_164' title='bbox 347 2462 589 2524; x_wconf 88' lang='lat' dir='ltr'>subscriberent</span> <span class='ocrx_word' id='word_1_165' title='bbox 609 2463 751 2523; x_wconf 89' lang='lat' dir='ltr'>nomina.</span> <span class='ocrx_word' id='word_1_166' title='bbox 790 2457 944 2521; x_wconf 87' lang='lat' dir='ltr'>Ceterum</span> <span class='ocrx_word' id='word_1_167' title='bbox 962 2461 1093 2522; x_wconf 91' lang='lat' dir='ltr'>maioris</span> <span class='ocrx_word' id='word_1_168' title='bbox 1111 2464 1269 2523; x_wconf 89' lang='lat' dir='ltr'>momenti</span> <span class='ocrx_word' id='word_1_169' title='bbox 1287 2473 1367 2526; x_wconf 92' lang='lat' dir='ltr'>sunt</span> 
     </span>
     <span class='ocr_line' id='line_1_19' title="bbox 135 2570 1367 2655; baseline 0 -20"><span class='ocrx_word' id='word_1_170' title='bbox 135 2582 236 2635; x_wconf 89' lang='lat' dir='ltr'>testes</span> <span class='ocrx_word' id='word_1_171' title='bbox 261 2594 360 2655; x_wconf 91' lang='lat' dir='ltr'>quam</span> <span class='ocrx_word' id='word_1_172' title='bbox 385 2574 519 2654; x_wconf 92' lang='lat' dir='ltr'>scriptio</span> <span class='ocrx_word' id='word_1_173' title='bbox 545 2580 741 2634; x_wconf 91' lang='lat' dir='ltr'>contractus.</span> <span class='ocrx_word' id='word_1_174' title='bbox 768 2586 870 2648; x_wconf 85' lang='lat'>42,12</span> <span class='ocrx_word' id='word_1_175' title='bbox 898 2591 923 2632; x_wconf 77' lang='lat' dir='ltr'>s,</span> <span class='ocrx_word' id='word_1_176' title='bbox 941 2570 980 2645; x_wconf 80' lang='lat' dir='ltr'>f.;</span> <span class='ocrx_word' id='word_1_177' title='bbox 1007 2585 1108 2648; x_wconf 88' lang='lat'>47,77</span> <span class='ocrx_word' id='word_1_178' title='bbox 1136 2591 1161 2633; x_wconf 76' lang='lat' dir='ltr'>a.</span> <span class='ocrx_word' id='word_1_179' title='bbox 1180 2572 1220 2647; x_wconf 83' lang='lat' dir='ltr'>f.;</span> <span class='ocrx_word' id='word_1_180' title='bbox 1246 2593 1367 2635; x_wconf 89' lang='lat' dir='ltr'>verum</span> 
     </span>
    </p>
   </div>
   <div class='ocr_carea' id='block_1_3' title="bbox 131 2663 1368 2871">
    <p class='ocr_par' dir='ltr' id='par_1_4' title="bbox 131 2663 1368 2871">
     <span class='ocr_line' id='line_1_20' title="bbox 136 2663 1367 2765; baseline -0.001 -19"><span class='ocrx_word' id='word_1_181' title='bbox 136 2687 254 2765; x_wconf 87' lang='lat' dir='ltr'>neque</span> <span class='ocrx_word' id='word_1_182' title='bbox 276 2683 357 2745; x_wconf 90' lang='lat' dir='ltr'>haec</span> <span class='ocrx_word' id='word_1_183' title='bbox 390 2703 498 2764; x_wconf 89' lang='lat' dir='ltr'>neque</span> <span class='ocrx_word' id='word_1_184' title='bbox 530 2683 575 2744; x_wconf 92' lang='lat' dir='ltr'>illi</span> <span class='ocrx_word' id='word_1_185' title='bbox 608 2682 650 2744; x_wconf 92' lang='lat' dir='ltr'>ad</span> <span class='ocrx_word' id='word_1_186' title='bbox 683 2682 772 2743; x_wconf 92' lang='lat' dir='ltr'>litem</span> <span class='ocrx_word' id='word_1_187' title='bbox 806 2680 1037 2742; x_wconf 91' lang='lat' dir='ltr'>instituendam</span> <span class='ocrx_word' id='word_1_188' title='bbox 1066 2663 1162 2762; x_wconf 85' lang='lat' dir='ltr'>plane</span> <span class='ocrx_word' id='word_1_189' title='bbox 1187 2686 1367 2746; x_wconf 89' lang='lat' dir='ltr'>necessarii</span> 
     </span>
     <span class='ocr_line' id='line_1_21' title="bbox 131 2792 1368 2871; baseline -0.003 -14"><span class='ocrx_word' id='word_1_190' title='bbox 131 2803 236 2857; x_wconf 89' lang='lat' dir='ltr'>erant.</span> <span class='ocrx_word' id='word_1_191' title='bbox 276 2793 406 2857; x_wconf 89' lang='lat' dir='ltr'>Solonis</span> <span class='ocrx_word' id='word_1_192' title='bbox 431 2795 517 2856; x_wconf 89' lang='lat' dir='ltr'>enim</span> <span class='ocrx_word' id='word_1_193' title='bbox 535 2802 604 2855; x_wconf 90' lang='lat' dir='ltr'>erat</span> <span class='ocrx_word' id='word_1_194' title='bbox 620 2792 692 2854; x_wconf 88' lang='lat' dir='ltr'>lex:</span> <span class='ocrx_word' id='word_1_195' title='bbox 720 2799 764 2850; x_wconf 79' lang='grc' dir='ltr'><em>τὸν</em></span> <span class='ocrx_word' id='word_1_196' title='bbox 785 2796 974 2868; x_wconf 69' lang='grc' dir='ltr'><em>ἐγκαλούμενον</em></span> <span class='ocrx_word' id='word_1_197' title='bbox 994 2799 1098 2850; x_wconf 76' lang='grc' dir='ltr'><em>ἐπειδὰν</em></span> <span class='ocrx_word' id='word_1_198' title='bbox 1118 2801 1188 2871; x_wconf 76' lang='grc' dir='ltr'><em>μήτε</em></span> <span class='ocrx_word' id='word_1_199' title='bbox 1208 2801 1368 2868; x_wconf 76' lang='grc' dir='ltr'><em>συμβόλαια</em></span> 
     </span>
    </p>
   </div>
   <div class='ocr_carea' id='block_1_4' title="bbox 32 2904 879 2984">
    <p class='ocr_par' dir='ltr' id='par_1_5' title="bbox 32 2904 879 2984">
     <span class='ocr_line' id='line_1_22' title="bbox 32 2904 879 2984; baseline 0.017 -31"><span class='ocrx_word' id='word_1_200' title='bbox 32 2948 35 2953; x_wconf 91' lang='grc'>.</span> <span class='ocrx_word' id='word_1_201' title='bbox 135 2915 203 2984; x_wconf 56' lang='grc' dir='ltr'><em>μήτε</em></span> <span class='ocrx_word' id='word_1_202' title='bbox 223 2914 367 2981; x_wconf 61' lang='grc' dir='ltr'><em>μάρτυρας</em></span> <span class='ocrx_word' id='word_1_203' title='bbox 388 2911 441 2982; x_wconf 71' lang='grc' dir='ltr'>ἔχῃ</span> <span class='ocrx_word' id='word_1_204' title='bbox 461 2907 567 2975; x_wconf 78' lang='grc' dir='ltr'><em>ὀμνύναι</em></span> <span class='ocrx_word' id='word_1_205' title='bbox 592 2904 696 2967; x_wconf 90' lang='lat' dir='ltr'>Bekk.</span> <span class='ocrx_word' id='word_1_206' title='bbox 723 2925 774 2967; x_wconf 85' lang='lat' dir='ltr'>an.</span> <span class='ocrx_word' id='word_1_207' title='bbox 803 2921 879 2983; x_wconf 89' lang='lat'>242.</span> 
     </span>
    </p>
   </div>
   <div class='ocr_carea' id='block_1_5' title="bbox 135 3015 1369 3430">
    <p class='ocr_par' dir='ltr' id='par_1_6' title="bbox 135 3015 1369 3430">
     <span class='ocr_line' id='line_1_23' title="bbox 182 3015 1369 3101; baseline 0.001 -23"><span class='ocrx_word' id='word_1_208' title='bbox 182 3016 412 3078; x_wconf 90' lang='lat' dir='ltr'>Westermann</span> <span class='ocrx_word' id='word_1_209' title='bbox 437 3016 482 3098; x_wconf 91' lang='lat' dir='ltr'>(u.</span> <span class='ocrx_word' id='word_1_210' title='bbox 509 3037 534 3079; x_wconf 86' lang='lat' dir='ltr'>S.</span> <span class='ocrx_word' id='word_1_211' title='bbox 560 3037 592 3098; x_wconf 89' lang='lat' dir='ltr'>p.</span> <span class='ocrx_word' id='word_1_212' title='bbox 619 3015 677 3101; x_wconf 83' lang='lat'>63)</span> <span class='ocrx_word' id='word_1_213' title='bbox 703 3015 865 3077; x_wconf 89' lang='lat' dir='ltr'>desiderat</span> <span class='ocrx_word' id='word_1_214' title='bbox 890 3015 1021 3077; x_wconf 90' lang='lat' dir='ltr'>nomina</span> <span class='ocrx_word' id='word_1_215' title='bbox 1045 3023 1175 3096; x_wconf 91' lang='lat' dir='ltr'>patrum</span> <span class='ocrx_word' id='word_1_216' title='bbox 1197 3023 1229 3076; x_wconf 92' lang='lat' dir='ltr'>et</span> <span class='ocrx_word' id='word_1_217' title='bbox 1248 3015 1369 3079; x_wconf 89' lang='lat' dir='ltr'>demo-</span> 
     </span>
     <span class='ocr_line' id='line_1_24' title="bbox 135 3123 1368 3213; baseline 0.001 -25"><span class='ocrx_word' id='word_1_218' title='bbox 135 3147 226 3202; x_wconf 89' lang='lat' dir='ltr'>rum;</span> <span class='ocrx_word' id='word_1_219' title='bbox 254 3127 306 3188; x_wconf 92' lang='lat' dir='ltr'>cui</span> <span class='ocrx_word' id='word_1_220' title='bbox 331 3127 401 3188; x_wconf 89' lang='lat' dir='ltr'>iure</span> <span class='ocrx_word' id='word_1_221' title='bbox 425 3128 563 3209; x_wconf 92' lang='lat' dir='ltr'>opponit</span> <span class='ocrx_word' id='word_1_222' title='bbox 588 3125 752 3188; x_wconf 91' lang='lat' dir='ltr'>Kirchner</span> <span class='ocrx_word' id='word_1_223' title='bbox 770 3123 837 3208; x_wconf 89' lang='lat' dir='ltr'>(De</span> <span class='ocrx_word' id='word_1_224' title='bbox 853 3126 917 3187; x_wconf 89' lang='lat' dir='ltr'>litis</span> <span class='ocrx_word' id='word_1_225' title='bbox 934 3127 1156 3186; x_wconf 91' lang='lat' dir='ltr'>instrumentis</span> <span class='ocrx_word' id='word_1_226' title='bbox 1174 3133 1235 3187; x_wconf 93' lang='lat' dir='ltr'>cet.</span> <span class='ocrx_word' id='word_1_227' title='bbox 1261 3124 1368 3213; x_wconf 87' lang='lat'>1883)</span> 
     </span>
     <span class='ocr_line' id='line_1_25' title="bbox 135 3235 1369 3319; baseline 0.001 -21"><span class='ocrx_word' id='word_1_228' title='bbox 135 3258 167 3319; x_wconf 96' lang='lat' dir='ltr'>p.</span> <span class='ocrx_word' id='word_1_229' title='bbox 200 3252 237 3314; x_wconf 90' lang='lat'>7,</span> <span class='ocrx_word' id='word_1_230' title='bbox 272 3238 304 3298; x_wconf 93' lang='lat' dir='ltr'>in</span> <span class='ocrx_word' id='word_1_231' title='bbox 333 3237 434 3299; x_wconf 90' lang='lat' dir='ltr'>titulis</span> <span class='ocrx_word' id='word_1_232' title='bbox 460 3239 557 3299; x_wconf 88' lang='lat' dir='ltr'>etiam</span> <span class='ocrx_word' id='word_1_233' title='bbox 582 3236 722 3319; x_wconf 92' lang='lat' dir='ltr'>publicis</span> <span class='ocrx_word' id='word_1_234' title='bbox 747 3235 829 3298; x_wconf 91' lang='lat' dir='ltr'>haec</span> <span class='ocrx_word' id='word_1_235' title='bbox 854 3256 952 3317; x_wconf 92' lang='lat' dir='ltr'>saepe</span> <span class='ocrx_word' id='word_1_236' title='bbox 977 3237 1100 3310; x_wconf 91' lang='lat' dir='ltr'>omitti;</span> <span class='ocrx_word' id='word_1_237' title='bbox 1128 3235 1166 3297; x_wconf 89' lang='lat' dir='ltr'>cs.</span> <span class='ocrx_word' id='word_1_238' title='bbox 1193 3246 1369 3317; x_wconf 89' lang='lat' dir='ltr'>praeterea</span> 
     </span>
     <span class='ocr_line' id='line_1_26' title="bbox 135 3347 1319 3430; baseline 0.001 -21"><span class='ocrx_word' id='word_1_239' title='bbox 135 3349 250 3411; x_wconf 88' lang='lat' dir='ltr'>foedus</span> <span class='ocrx_word' id='word_1_240' title='bbox 274 3349 363 3430; x_wconf 91' lang='lat' dir='ltr'>apud</span> <span class='ocrx_word' id='word_1_241' title='bbox 388 3348 493 3412; x_wconf 87' lang='lat' dir='ltr'>Thuc.</span> <span class='ocrx_word' id='word_1_242' title='bbox 523 3363 558 3428; x_wconf 87' lang='lat'>5,</span> <span class='ocrx_word' id='word_1_243' title='bbox 592 3367 630 3429; x_wconf 88' lang='lat'>19</span> <span class='ocrx_word' id='word_1_244' title='bbox 656 3356 688 3410; x_wconf 92' lang='lat' dir='ltr'>et</span> <span class='ocrx_word' id='word_1_245' title='bbox 716 3365 776 3426; x_wconf 84' lang='lat'>24,</span> <span class='ocrx_word' id='word_1_246' title='bbox 804 3347 858 3409; x_wconf 90' lang='lat' dir='ltr'>ubi</span> <span class='ocrx_word' id='word_1_247' title='bbox 884 3349 1015 3409; x_wconf 91' lang='lat' dir='ltr'>nomina</span> <span class='ocrx_word' id='word_1_248' title='bbox 1040 3347 1128 3408; x_wconf 90' lang='lat' dir='ltr'>nuda</span> <span class='ocrx_word' id='word_1_249' title='bbox 1152 3347 1319 3428; x_wconf 81' lang='lat' dir='ltr'>leguntur.</span> 
     </span>
    </p>
   </div>
   <div class='ocr_carea' id='block_1_6' title="bbox 136 4009 1368 4535">
    <p class='ocr_par' dir='ltr' id='par_1_7' title="bbox 136 4009 1367 4317">
     <span class='ocr_line' id='line_1_27' title="bbox 183 4009 1366 4087; baseline 0.004 -19"><span class='ocrx_word' id='word_1_250' title='bbox 183 4013 265 4087; x_wconf 64' lang='grc' dir='ltr'>Λέγε</span> <span class='ocrx_word' id='word_1_251' title='bbox 292 4017 339 4085; x_wconf 76' lang='grc' dir='ltr'>δὴ.</span> <span class='ocrx_word' id='word_1_252' title='bbox 389 4010 464 4072; x_wconf 89' lang='lat' dir='ltr'>Hac</span> <span class='ocrx_word' id='word_1_253' title='bbox 495 4009 634 4072; x_wconf 88' lang='lat' dir='ltr'>formula</span> <span class='ocrx_word' id='word_1_254' title='bbox 666 4011 819 4072; x_wconf 88' lang='lat' dir='ltr'>transitur</span> <span class='ocrx_word' id='word_1_255' title='bbox 852 4010 907 4071; x_wconf 94' lang='lat' dir='ltr'>ubi</span> <span class='ocrx_word' id='word_1_256' title='bbox 940 4009 1079 4071; x_wconf 90' lang='lat' dir='ltr'>alterum</span> <span class='ocrx_word' id='word_1_257' title='bbox 1109 4011 1366 4073; x_wconf 90' lang='lat' dir='ltr'>instrumentum</span> 
     </span>
     <span class='ocr_line' id='line_1_28' title="bbox 136 4117 1367 4213; baseline 0.001 -30"><span class='ocrx_word' id='word_1_258' title='bbox 136 4122 228 4184; x_wconf 89' lang='lat' dir='ltr'>alteri</span> <span class='ocrx_word' id='word_1_259' title='bbox 252 4121 392 4184; x_wconf 90' lang='lat' dir='ltr'>additur.</span> <span class='ocrx_word' id='word_1_260' title='bbox 431 4122 541 4213; x_wconf 79' lang='lat' dir='ltr'>Locos</span> <span class='ocrx_word' id='word_1_261' title='bbox 567 4121 700 4202; x_wconf 88' lang='lat' dir='ltr'>collegit</span> <span class='ocrx_word' id='word_1_262' title='bbox 726 4120 870 4183; x_wconf 82' lang='lat' dir='ltr'>Httttner</span> <span class='ocrx_word' id='word_1_263' title='bbox 895 4117 1032 4204; x_wconf 87' lang='lat' dir='ltr'>(Annot.</span> <span class='ocrx_word' id='word_1_264' title='bbox 1058 4120 1100 4182; x_wconf 91' lang='lat' dir='ltr'>ad</span> <span class='ocrx_word' id='word_1_265' title='bbox 1127 4120 1367 4184; x_wconf 91' lang='lat' dir='ltr'>Demosthenis</span> 
     </span>
     <span class='ocr_line' id='line_1_29' title="bbox 137 4231 708 4317; baseline 0 -23"><span class='ocrx_word' id='word_1_266' title='bbox 137 4242 207 4294; x_wconf 90' lang='lat' dir='ltr'>orat</span> <span class='ocrx_word' id='word_1_267' title='bbox 232 4232 388 4294; x_wconf 90' lang='lat' dir='ltr'>XXXVI</span> <span class='ocrx_word' id='word_1_268' title='bbox 420 4231 520 4317; x_wconf 86' lang='lat'>1885)</span> <span class='ocrx_word' id='word_1_269' title='bbox 545 4231 586 4293; x_wconf 91' lang='lat' dir='ltr'>ad</span> <span class='ocrx_word' id='word_1_270' title='bbox 612 4235 627 4310; x_wconf 62' lang='grc' dir='ltr'>ξ</span> <span class='ocrx_word' id='word_1_271' title='bbox 655 4231 708 4294; x_wconf 83' lang='lat'>26.</span> 
     </span>
    </p>

    <p class='ocr_par' dir='ltr' id='par_1_8' title="bbox 139 4341 1368 4535">
     <span class='ocr_line' id='line_1_30' title="bbox 189 4341 1368 4424; baseline 0.002 -21"><span class='ocrx_word' id='word_1_272' title='bbox 189 4356 239 4421; x_wconf 83' lang='lat'>15.</span> <span class='ocrx_word' id='word_1_273' title='bbox 289 4362 403 4423; x_wconf 90' lang='lat' dir='ltr'>seqq.</span> <span class='ocrx_word' id='word_1_274' title='bbox 449 4342 689 4404; x_wconf 87' lang='lat' dir='ltr'>Testimonium</span> <span class='ocrx_word' id='word_1_275' title='bbox 714 4345 784 4404; x_wconf 92' lang='lat' dir='ltr'>eius</span> <span class='ocrx_word' id='word_1_276' title='bbox 809 4342 897 4423; x_wconf 91' lang='lat' dir='ltr'>apud</span> <span class='ocrx_word' id='word_1_277' title='bbox 923 4362 1021 4423; x_wconf 91' lang='lat' dir='ltr'>quem</span> <span class='ocrx_word' id='word_1_278' title='bbox 1047 4341 1235 4423; x_wconf 82' lang='lat' dir='ltr'>syngrapha</span> <span class='ocrx_word' id='word_1_279' title='bbox 1260 4341 1368 4424; x_wconf 92' lang='lat' dir='ltr'>depo-</span> 
     </span>
     <span class='ocr_line' id='line_1_31' title="bbox 139 4452 1368 4535; baseline 0.001 -21"><span class='ocrx_word' id='word_1_280' title='bbox 139 4454 200 4531; x_wconf 86' lang='lat' dir='ltr'>sita</span> <span class='ocrx_word' id='word_1_281' title='bbox 224 4453 283 4515; x_wconf 84' lang='lat' dir='ltr'>fuit</span> <span class='ocrx_word' id='word_1_282' title='bbox 307 4453 417 4515; x_wconf 91' lang='lat' dir='ltr'>locum</span> <span class='ocrx_word' id='word_1_283' title='bbox 442 4453 566 4515; x_wconf 90' lang='lat' dir='ltr'>obtinet</span> <span class='ocrx_word' id='word_1_284' title='bbox 590 4462 721 4515; x_wconf 88' lang='lat' dir='ltr'>nostrae</span> <span class='ocrx_word' id='word_1_285' title='bbox 746 4452 1010 4535; x_wconf 89' lang='lat' dir='ltr'>subscriptionis,</span> <span class='ocrx_word' id='word_1_286' title='bbox 1039 4473 1104 4534; x_wconf 91' lang='lat' dir='ltr'>qua</span> <span class='ocrx_word' id='word_1_287' title='bbox 1122 4452 1281 4535; x_wconf 89' lang='lat' dir='ltr'>probatur</span> <span class='ocrx_word' id='word_1_288' title='bbox 1298 4452 1368 4516; x_wconf 93' lang='lat' dir='ltr'>hoc</span> 
     </span>
    </p>
   </div>
   <div class='ocr_carea' id='block_1_7' title="bbox 0 0 1508 5296">
    <p class='ocr_par' dir='ltr' id='par_1_9' title="bbox 0 0 1508 5296">
     <span class='ocr_line' id='line_1_32' title="bbox 0 0 1508 5296; baseline 0 1"><span class='ocrx_word' id='word_1_289' title='bbox 0 0 1508 5296; x_wconf 95' lang='lat' dir='ltr'> </span> 
     </span>
    </p>
   </div>
  </div>
 </body>
</html>
