3008 5296
755 716 769 790 ξ
798 728 850 773 20.

239 993 288 1055 13.
338 981 513 1047 κυβερνᾶν.
562 971 681 1036 Graser
714 970 781 1056 (De
813 981 960 1034 veterum
991 993 1025 1034 re
1049 974 1154 1035 navali
1185 974 1285 1061 1864)
1310 998 1347 1058 p.
1377 978 1422 1057 38

186 1087 250 1148 hoc
283 1106 402 1147 munus
435 1093 529 1167 putat
561 1084 714 1146 habuisse
742 1090 922 1158 κυβερνήτην,
954 1091 989 1144 ut
1014 1104 1146 1145 cursum
1173 1086 1204 1146 in
1228 1087 1423 1167 navigando

185 1197 364 1259 tenendum
390 1204 596 1277 computaret
620 1205 652 1257 et
676 1197 850 1275 imperaret
874 1195 998 1269 nautiS,
1022 1195 1282 1274 gubernaculum
1299 1217 1425 1277 regen·

185 1308 291 1384 tibus;
318 1328 383 1369 non
408 1328 467 1369 sua
492 1327 589 1368 manu
615 1327 691 1367 eum
716 1307 875 1367 direxisse
901 1305 1029 1367 clavum
1055 1308 1229 1370 existimat.

240 1432 289 1496 15,
338 1419 429 1474 οἴνου
451 1420 624 1474 Μενδαίου
645 1421 803 1487 κεράμια.
830 1415 1131 1497 Dobree(Advers.
1147 1416 1188 1477 ed
1203 1418 1369 1499 Wagner,
1388 1419 1423 1481 ΙΙ

186 1550 218 1610 p.
250 1527 327 1609 158)
351 1526 403 1588 hic
429 1546 578 1609 quoque,
607 1529 681 1603 ut§
713 1543 769 1601 10,
797 1526 886 1588 iubet
910 1526 975 1608 legi
1001 1529 1136 1602 Μενδαῖον,
1163 1529 1253 1609 quod
1278 1549 1348 1592 non
1375 1532 1426 1592 vi·

186 1638 282 1700 detur
314 1638 553 1710 necessarium
591 1634 710 1716 legitur
744 1637 831 1697 enim
864 1636 924 1698 Ar.
959 1637 1042 1698 Ran.
1077 1637 1164 1715 448:
1201 1639 1269 1696 οἴνου
1296 1664 1328 1696 τε
1351 1643 1425 1698 Χίου

186 1755 308 1818 στάμνον.

239 1858 289 1921 16.
338 1861 394 1916 καὶ
414 1863 452 1915 οὐ
473 1862 587 1915 πλείου.
609 1855 683 1917 vide
709 1855 849 1916 Ktihner
874 1854 957 1937 Hp.
978 1857 1043 1935 832
1061 1855 1105 1918 A.
1124 1857 1163 1919 cf.
1183 1873 1296 1936 792,4.
1324 1857 1426 1920 Talia

187 1989 252 2031 non
278 1978 353 2030 sunt
378 1967 572 2029 eonferenda
597 1986 672 2027 eum
697 1966 886 2047 tautologiis
912 1965 1017 2047 qualis
1042 1967 1160 2049 legitur
1186 1966 1289 2049 Soph.
1309 1967 1354 2030 O.
1378 1969 1422 2031 R.

193 2096 296 2158 1229:
323 2085 387 2136 κατὰ
408 2084 499 2135 ἑκόντα
519 2081 581 2133 κούκ
601 2079 712 2151 ἄκοντα,
740 2085 772 2137 et
798 2076 978 2137 Homerico
999 2085 1056 2134 κατ’
1076 2079 1152 2136 αἶσαν
1166 2082 1224 2135 οὐδ’
1239 2083 1309 2152 ὑπὲρ
1325 2081 1423 2155 αἷσαν;

188 2210 251 2251 non
284 2190 370 2250 enim
396 2187 483 2249 idem
507 2186 557 2246 bis
583 2188 776 2267 exprimitur
800 2186 907 2248 verbis
933 2187 1085 2262 diversis,
1113 2188 1170 2248 sed
1196 2197 1337 2268 negatur
1365 2189 1425 2250 ad-

187 2300 404 2361 versariorum
436 2297 643 2358 asseveratio
678 2296 716 2357 cf.
743 2296 822 2358 infra
846 2296 888 2357 ad
913 2299 928 2374 ξ
954 2313 1009 2374 42.
1048 2298 1089 2354 καὶ
1113 2298 1277 2359 interdum
1303 2299 1422 2361 abest:

191 2412 333 2487 21,182;
366 2411 447 2488 183;
475 2425 610 2484 20,141.

236 2521 290 2582 De
321 2520 495 2602 negatione
527 2522 559 2575 οὐ
592 2538 652 2599 pro
686 2537 751 2599 qua
783 2518 815 2578 in
848 2518 996 2598 sequenti
1021 2518 1208 2580 testimonio
1234 2518 1360 2601 legitur
1386 2529 1426 2597 μή

189 2628 266 2713 (ἀλλὰ
287 2636 316 2688 δὲ
336 2636 416 2706 μηδὲν
437 2637 548 2705 φορτίον
574 2627 638 2713 cet)
663 2628 701 2690 ef.
728 2626 868 2689 Kiihner
893 2627 925 2689 ΙΙ
951 2649 983 2709 p.
1011 2642 1030 2704 7
1037 2642 1123 2706 51,2.

238 2757 290 2802 20.
340 2743 509 2798 διοπεύων
529 2745 586 2814 τὴν
607 2747 695 2801 ναῦν.
741 2739 903 2819 Harpoer.
930 2759 955 2800 S.
983 2759 1032 2800 v.:
1059 2743 1222 2814 Δημοσθένης
1243 2745 1270 2796 ἐν
1290 2750 1330 2816 τῷ
1353 2746 1426 2798 κατὰ

143 2860 146 2866 '
189 2857 330 2928 Λακρίτου.
357 2856 444 2916 διὀπος
473 2856 576 2925 λέγεται
602 2858 664 2915 νεὼς
694 2858 709 2909 ὁ
736 2856 829 2907 διέπων
854 2851 896 2907 καὶ
922 2852 1075 2907 ἐποπτεύων
1095 2853 1129 2906 τὰ
1148 2855 1215 2906 κατὰ
1235 2856 1280 2925 τὴν
1303 2859 1385 2923 νοῦν,
1409 2859 1425 2908 ὁ

85 3040 89 3045 “
189 2971 250 3023 κων
270 2972 339 3040 ἡμᾶς
362 2966 501 3036 λεγομενος
523 2964 657 3024 ἐπίπλους.
694 2959 798 3021 Vides
823 2979 899 3020 eum
925 2958 1073 3021 dubitare
1098 2957 1184 3019 unde
1209 2959 1250 3020 sit
1268 2959 1424 3023 derivan-

107 3056 109 3059 Ι
190 3074 269 3135 dum
294 3093 313 3133 a
337 3077 416 3128 ὀιέτυ
441 3090 481 3131 an
506 3069 547 3130 ab
573 3074 705 3128 ὀτοττεύον
732 3069 865 3132 scilicet.
907 3069 1028 3151 Aeque
1052 3068 1194 3130 absurde
1211 3067 1338 3131 scholia
1359 3071 1425 3133 Ba-

189 3184 296 3246 varica
328 3181 369 3243 ab
401 3183 535 3238 ὀτιττεύυ
569 3179 709 3256 ducunt,
745 3189 777 3241 et
808 3180 849 3241 ab
883 3184 955 3236 ίπτον
984 3177 1060 3240 Ael.
1088 3178 1227 3258 Dionys.
1255 3180 1378 3243 citatus
1404 3202 1425 3243 a

189 3291 349 3356 Valcken.
375 3290 417 3352 ad
444 3290 605 3372 Harpocr.
645 3290 736 3372 Quid
761 3292 830 3351 eius
856 3289 1002 3352 officium
1018 3290 1113 3351 fuerit
1130 3310 1173 3351 ex
1190 3290 1270 3350 locis
1289 3290 1423 3354 collatis

189 3404 330 3487 patebit3
366 3401 478 3482 Harp:
513 3406 546 3457 τὰ
571 3406 638 3457 κατὰ
663 3408 709 3477 τὴν
735 3409 795 3459 ναῦν
827 3402 856 3462 ei
886 3400 1048 3476 attribuit;
1080 3398 1216 3462 Suidas:
1243 3408 1326 3475 ὁτῆς
1352 3409 1420 3466 νεὼς
1445 3433 1450 3439 .

189 3518 354 3588 ἐπιμελητής.
381 3509 534 3591 Hesych:
562 3517 659 3575 διὀπος·
680 3515 828 3588 ναύαρχος.
855 3509 988 3571 Pollux:
1006 3516 1122 3587 ἐπόπτης
1144 3521 1190 3585 τῆς
1212 3517 1286 3574 νεώς·
1312 3508 1424 3590 Igitur

192 3622 372 3684 Hiillmann
399 3619 660 3702 Handelsgesch.
686 3642 719 3702 p.
751 3619 813 3699 167
839 3623 984 3702 itemque
1006 3618 1230 3682 Buchsensch.
1249 3639 1281 3700 p.
1300 3632 1420 3699 459,2,

190 3741 436 3814 procuratorem
462 3733 532 3792 eius
558 3751 630 3792 esse
654 3731 744 3792 aiunt
768 3732 861 3792 cuius
887 3732 928 3792 sit
952 3731 1052 3792 navis,
1096 3730 1159 3791 His
1185 3730 1295 3811 potius
1319 3729 1424 3791 adsti-

191 3843 288 3924 pulor
319 3862 418 3923 quam
450 3843 520 3903 viro
546 3841 577 3903 d.
604 3838 723 3903 Graser
748 3842 815 3923 (De
839 3850 987 3902 veterum
1012 3861 1046 3902 re
1071 3839 1176 3901 navali
1199 3860 1230 3920 p.
1260 3840 1333 3920 38),
1363 3842 1420 3922 qui

191 3973 267 4014 eum
292 3961 423 4014 nautam
448 3952 547 4013 fuisse
571 3950 735 4033 perhibet,
755 3953 807 4013 cui
826 3951 971 4012 officium
988 3949 1270 4032 circumspiciendi
1289 3959 1321 4010 et
1337 3951 1422 4031 vigi-

191 4062 277 4124 landi
304 4072 390 4123 esset
415 4062 605 4123 mandatum
631 4059 831 4144 („uitkijk”).

239 4172 360 4234 Iniuria
391 4192 410 4233 a
443 4172 640 4253 quibusdam
673 4174 808 4233 vertitur
834 4170 1089 4253 „Superkargo”
1116 4190 1191 4232 nam
1216 4191 1292 4231 cum
1317 4190 1421 4232 onere

192 4284 221 4343 ei
254 4282 436 4343 seeundum
468 4284 699 4363 grammaticos
733 4282 811 4344 nihil
845 4283 890 4343 rei
924 4290 983 4343 est.
1034 4280 1087 4342 Sic
1116 4281 1418 4345 Herm-Bliimner.

134 4370 138 4377 ’
193 4391 428 4455 Privatalterth.
456 4396 471 4471 ξ
497 4411 560 4472 49,
586 4413 618 4474 p.
645 4390 743 4470 460‚1
774 4413 850 4454 eum
875 4393 1044 4474 componit
1069 4412 1145 4452 cum
1170 4411 1210 4452 eo
1236 4392 1292 4473 qui
1316 4407 1414 4471 32,11
