3008 5296
714 1797 786 1870 §L

188 2015 323 2078 Exordii
349 2037 425 2077 cum
450 2016 491 2077 sit
507 2017 732 2097 propositum,
753 2024 789 2077 ut
806 2016 930 2078 iudices
947 2016 1041 2078 faciat
1057 2017 1247 2094 benivoIOS,
1265 2026 1366 2080 atten-

136 2138 207 2200 t05,
240 2126 363 2187 dociles
389 2124 541 2206 (Quintil.
568 2144 608 2202 4,
640 2143 673 2201 1,
705 2124 754 2210 5),
781 2147 924 2206 cumque
950 2136 1058 2189 orator
1084 2128 1124 2188 de
1149 2129 1216 2189 suis
1243 2130 1365 2190 meritis

136 2236 198 2297 sibi
223 2256 288 2296 non
313 2236 501 2317 praedicare
525 2256 624 2317 posse
649 2236 814 2311 videatur,
841 2246 949 2318 captat
973 2237 1226 2319 benivolentiam
1252 2239 1293 2300 ab
1310 2216 1385 2300 ad?

136 2348 354 2408 versariorum
380 2366 520 2427 persona
545 2343 597 2429 (cf.
617 2344 737 2408 Cornif.
759 2364 788 2421 1,
812 2361 844 2425 5,
866 2348 903 2421 8,
924 2345 991 2408 Cic.
1011 2347 1051 2408 de
1069 2348 1138 2409 Inv.
1162 2366 1193 2422 1,
1219 2348 1271 2423 16,
1294 2349 1364 2434 22),

134 2457 304 2519 adducens
329 2476 386 2517 eos
412 2456 443 2517 in
469 2465 713 2538 contemptum;
740 2477 808 2518 rem
825 2465 935 2518 autem
953 2457 1120 2538 adaugens
1136 2467 1243 2520 totum
1261 2479 1365 2540 genus

136 2565 374 2627 Phaselitarum
406 2567 496 2647 petit.
547 2565 586 2627 cf.
622 2565 736 2646 Quint.
771 2584 809 2643 4,
852 2585 885 2640 1,
918 2581 953 2645 15
983 2576 1015 2628 et
1040 2567 1170 2648 Ulpian.
1198 2569 1239 2629 ad
1267 2569 1363 2631 Dem.

141 2695 191 2756 19.
218 2698 250 2759 p.
279 2693 362 2756 203:
389 2680 533 2751 φυλακτέον
554 2683 605 2733 δ’έν
625 2683 772 2751 προοιμίοις
793 2682 834 2733 ἐπ’
849 2681 937 2734 αὐτῶν
952 2689 1004 2734 τιῠν
1023 2683 1159 2747 ὀνομάτων
1172 2685 1302 2735 πονεῖσθαι
1316 2685 1362 2744 τὰς

135 2791 274 2860 δεοβολάς.

184 2898 244 2960 Est
279 2900 376 2977 igitur
407 2903 545 2972 προοίμιον
568 2904 596 2956 ἐκ
620 2887 744 2975 &casroi-ne
773 2896 995 2988 (Volkmann)
1024 2901 1087 2961 Die
1114 2898 1276 2961 Rhetorik
1307 2901 1364 2962 der

135 3008 298 3071 Griechen
325 3010 391 3070 und
418 3002 571 3071 Ιὶὸιῃοτ.2
601 3010 683 3088 1885
705 3031 736 3091 p.
761 3008 848 3093 131).
886 3009 1062 3071 Attenti
1088 3019 1123 3071 ut
1139 3012 1202 3071 sint
1220 3010 1361 3086 iudiceS,

135 3128 287 3181 monetur
312 3122 327 3198 ξ
350 3113 363 3198 5
391 3119 433 3181 ad
459 3121 548 3201 ipsos
573 3120 734 3201 pertinere
760 3120 995 3182 Phaselitarum
1013 3120 1209 3182 maleficium
1227 3119 1362 3202 (Cornif.

140 3249 173 3306 1,
198 3249 233 3307 4,
256 3236 308 3309 7);
326 3239 397 3291 tum
415 3229 538 3291 dociles
556 3250 613 3291 eos
631 3230 767 3292 reddere
785 3239 921 3292 conatur
938 3232 983 3292 rei
1001 3232 1209 3312 expositione
1226 3228 1360 3314 (Cornif.

136 3363 167 3404 u.
195 3362 220 3403 s.
259 3340 327 3403 Cic.
354 3341 395 3402 dc
420 3342 490 3404 Inv.
522 3341 674 3421 1,16,23,
702 3341 891 3404 Volkmann
917 3363 948 3424 p.
973 3340 1059 3427 137).

182 3474 214 3534 p.
241 3469 326 3532 923,
359 3453 408 3515 18.
451 3455 552 3510 οὐδέν
578 3459 694 3510 καινὸν
717 3458 885 3527 ἀλλἐἴπερ
908 3457 1080 3512 εἰώθασιν.
1130 3453 1253 3534 Figura
1278 3474 1363 3534 quae

133 3571 271 3625 vocatur
303 3574 396 3639 σχῆμα
422 3570 480 3620 κατ’
507 3568 583 3638 ἄρσιν
608 3565 649 3621 καὶ
673 3570 743 3622 θέσιν
768 3569 849 3639 (ὅπερ
870 3569 1024 3622 συνίσταται
1045 3570 1073 3622 ἐκ
1095 3575 1140 3639 τῆς
1167 3568 1233 3638 ,οὐ”
1254 3566 1295 3621 καὶ
1316 3574 1361 3638 τῆς

133 3680 250 3740 ἐναντίας
278 3677 348 3750 αὐτῇ
374 3677 416 3732 καὶ
442 3680 556 3746 μάλιστα
584 3686 633 3735 τοῦ
659 3681 762 3750 „ditet”
786 3684 946 3750 συνδέσμου,
971 3676 1140 3757 Anonym.
1174 3698 1199 3732 π.
1220 3699 1305 3752 σχημ.
1331 3676 1361 3735 8.

133 3807 166 3867 p.
190 3784 257 3865 637
284 3784 352 3870 W.)
377 3787 468 3868 quod
493 3786 627 3849 schema
651 3796 701 3849 est
726 3809 829 3870 genus
854 3787 1135 3870 amplificationis,
1163 3787 1194 3848 in
1215 3785 1362 3846 oratione

134 3905 245 3958 nostra
258 3897 392 3959 obvium
402 3901 417 3976 ξ
428 3916 464 3976 4,
483 3915 499 3960 2
505 3913 539 3976 7,
557 3900 614 3974 28,
632 3914 689 3979 37,
707 3917 764 3980 39,
780 3918 840 3976 44;
854 3898 929 3961 vide
943 3898 1096 3980 exempla
1108 3896 1196 3980 apud
1211 3894 1363 3957 Gebauer

133 4006 225 4090 App.
243 4008 284 4070 ad
303 4007 521 4091 Frohbergeri
539 4010 715 4072 editionem
731 4011 851 4091 Lysiae
863 4031 896 4092 p.
913 4011 978 4089 483
995 4009 1054 4073 ss.
1074 4018 1106 4070 et
1119 4008 1157 4071 cs.
1175 4005 1360 4069 Rehdantz:

135 4119 388 4181 Demosthenes’
408 4141 494 4182 neun
512 4121 732 4203 Philippische
751 4121 885 4197 Reden,
911 4122 1007 4183 1881.
1034 4120 1140 4182 Index
1158 4119 1172 4180 Ι
1191 4139 1249 4180 s.v.
1271 4122 1362 4192 ἄρσις,

134 4239 167 4291 et
192 4228 328 4294 Straub:
360 4232 413 4292 De
438 4233 541 4314 tropis
566 4241 598 4294 et
623 4231 734 4313 figuris
760 4252 845 4314 quae
871 4233 1078 4295 inveniuntur
1103 4232 1135 4293 in
1160 4229 1361 4292 orationibus

134 4341 369 4405 Demosthenis
387 4352 420 4405 et
437 4342 621 4420 Ciceronis,
646 4346 743 4424 1883.
762 4365 793 4425 p.
819 4358 891 4424 125.
920 4345 973 4405 De
990 4344 1052 4406 alia
1069 4341 1166 4404 huius
1184 4341 1360 4403 schematis

133 4455 237 4518 forma
260 4457 327 4537 egit
352 4456 541 4533 Francken,
570 4455 699 4520 Comm.
727 4458 886 4539 Lysiacae
912 4478 944 4540 p.
972 4458 1025 4537 89.

1247 4590 1256 4625 1
