3008 5296
811 497 854 558 24

271 673 321 737 16.
369 678 504 738 ἐντελὲς
537 676 618 747 πλὴν
647 677 790 746 ἐκβολῆς
826 682 887 736 cet.
939 674 1023 735 Mire
1053 695 1128 736 cum
1156 672 1207 736 his
1237 677 1448 738 consentiunt

219 806 304 865 quae
338 786 527 847 sanciuntur
560 782 633 863 lege
664 781 796 844 Rhodia
820 783 918 865 (quae
943 783 1091 869 vocatur)
1116 784 1157 845 de
1182 786 1289 859 iactu,
1318 785 1364 847 de
1390 807 1448 867 qua
1485 766 1495 843 l

218 895 271 957 adi
299 895 480 956 Htillmann
506 914 537 953 u.
564 912 589 954 S.
618 905 657 970 25
667 905 680 970 5
710 913 786 974 seq,
814 893 992 955 Pardessus
1017 892 1200 955 Collection
1222 894 1283 956 des
1303 895 1369 957 lois
1387 916 1448 962 ma·
1492 892 1496 917 ’

219 1007 342 1067 ritimes
367 1003 485 1089 (1828)
511 1024 544 1084 p.
572 1019 633 1082 29;
659 1020 758 1082 41,9;
786 1003 942 1081 68-70,
970 1005 1056 1065 unde
1077 1003 1193 1066 eadem
1211 1005 1365 1068 derivata
1382 1027 1450 1069 esse

219 1116 372 1178 dicuntur
397 1117 428 1176 in
454 1116 504 1175 ius
531 1112 729 1174 Romanum.
769 1113 889 1175 Paulus
913 1113 950 1176 fr.
983 1132 993 1175 1
1024 1123 1056 1175 et
1083 1131 1100 1175 2
1127 1134 1175 1195 pr.
1202 1123 1235 1176 et
1261 1119 1316 1196 §3
1349 1116 1396 1178 D.
1414 1117 1451 1178 de

221 1228 312 1308 Lege
347 1225 479 1286 Rhodia
511 1224 552 1284 de
587 1223 678 1283 Iactu
711 1220 821 1305 (XIV.
857 1222 901 1308 2).
952 1223 1164 1305 Quamquam
1196 1245 1277 1286 vero
1312 1225 1453 1289 libenter

220 1337 432 1398 concedimus
464 1334 648 1396 auctoritati
681 1333 740 1394 viri
774 1333 953 1395 doctissimi
987 1334 1128 1396 Frankel
1161 1331 1286 1417 (annot.
1317 1353 1384 1398 221
1414 1337 1453 1399 ad

221 1447 347 1509 Bocuh.
381 1468 411 1508 u.
437 1444 495 1529 s.),
527 1443 635 1524 legem
662 1443 827 1505 Rhodiam
853 1446 994 1526 septimo
1020 1445 1151 1507 saeculo
1175 1455 1252 1528 post
1280 1445 1454 1509 Christum

220 1566 332 1619 natum
358 1555 587 1637 assignandam
613 1573 703 1628 esse,
730 1561 839 1614 tamen
865 1555 968 1616 multo
993 1565 1067 1617 ante
1084 1557 1228 1636 viguisse
1245 1576 1389 1619 necesse
1408 1567 1456 1620 est

220 1667 304 1729 hanc
336 1666 563 1728 condicionem
597 1665 629 1724 in
661 1665 866 1744 pactionibus
899 1666 1036 1726 nauticis
1069 1666 1219 1727 ineundis
1248 1666 1325 1748 (sed
1352 1688 1455 1749 quam

220 1777 414 1840 allusionem
441 1775 619 1837 Pardessus
644 1794 675 1855 p.
702 1776 747 1835 60
773 1773 851 1836 dicit
876 1776 1009 1837 inveniri
1034 1776 1123 1858 apud
1149 1774 1216 1838 Cic.
1244 1777 1287 1838 de
1315 1776 1384 1840 Off.
1405 1778 1455 1840 Ill

221 1911 248 1951 c.
278 1906 338 1969 23,
365 1908 429 1969 ego
454 1907 527 1949 eam
552 1887 669 1948 frustra
693 1884 863 1971 quaesivi).

273 2015 323 2078 17,
372 2003 407 2056 οἱ
425 2001 575 2069 σύμπλοι
600 1996 715 2057 melius
740 2016 872 2057 versum
897 1997 1025 2059 videtur
1048 2016 1068 2059 a
1092 1999 1161 2059 viro
1187 1998 1218 2061 d.
1269 1999 1456 2062 Pardessus

220 2132 253 2192 p.
280 2110 343 2188 46:
372 2109 424 2185 „le
449 2129 604 2170 commun
629 2106 749 2168 accord
774 2107 832 2167 des
848 2107 1043 2189 passagers’'
1062 2128 1161 2190 quam
1178 2108 1219 2170 ab
1242 2108 1456 2173 Htillmanno

220 2243 252 2303 p.
281 2237 345 2300 257
375 2219 449 2296 „die
473 2240 526 2281 am
552 2218 641 2280 Bord
665 2216 883 2279 befindlichen
909 2217 1129 2280 Beirachter''.

273 2351 323 2412 19,
374 2336 567 2405 παρέξουσι
591 2328 705 2391 sistent.
736 2327 835 2408 56,38
863 2328 901 2391 cf.
929 2328 1100 2391 Rehdantz
1123 2329 1166 2391 ad
1191 2330 1272 2410 Lyc.
1300 2348 1360 2410 43.

270 2460 324 2505 20.
373 2448 552 2516 ἀνέπαφον.
601 2441 683 2501 Isae.
722 2453 769 2518 5,1
809 2445 1040 2515 ἀναμφισβήτητος
1072 2440 1254 2521 explicatur
1279 2441 1313 2502 in
1340 2441 1458 2524 Argu-

221 2562 350 2616 mento:
384 2555 505 2624 surdastris
527 2550 569 2605 καὶ
589 2555 731 2621 ἅνέπαφθς.
778 2547 869 2611 Suld.
896 2569 921 2610 S.
947 2570 984 2610 v:
1012 2553 1166 2623 ἀνεύθυνον,
1184 2557 1321 2625 καθαρόν,
1344 2556 1458 2626 ἀάιγές,

222 2668 405 2736 ἀφηλάφηταν.
446 2661 597 2731 Μένανδρος
632 2659 764 2735 Περινθίᾳ·
792 2662 826 2715 τὰ
855 2661 934 2714 ἀάλά
961 2664 1081 2732 ἀνέπαφα
1108 2660 1208 2727 σώματ’
1234 2660 1288 2714 οὐδ’
1316 2662 1381 2734 ἕλῃ,
1416 2659 1458 2721 de

222 2771 341 2853 quibus
364 2768 471 2832 verbis
497 2765 535 2827 cf.
563 2764 672 2827 Kock.
700 2764 825 2829 Comic.
851 2766 922 2829 Att.
949 2764 984 2830 ir.
1005 2766 1055 2827 ΙΙΙ
1073 2786 1105 2847 p.
1129 2783 1202 2843 114.
1241 2765 1329 2829 Infra
1350 2784 1456 2845 21‚22

222 2886 372 2955 ἐλεύθερα,
394 2879 432 2941 cs.
459 2894 580 2956 42,l9;
611 2875 728 2956 56,38:
754 2882 859 2950 ἐμφανῆ
879 2877 920 2932 καὶ
941 2882 1070 2949 ἀνέπαφα.
1102 2875 1329 2938 A.'Schaeser
1355 2877 1457 2962 (Bell.

222 3013 254 3073 p.
283 2989 362 3075 286)
387 2990 500 3051 vertit:
529 2987 638 3062 „ohne
655 2987 731 3048 dasz
749 2988 801 3049 die
819 2987 1058 3069 Eigenthtimer
1075 2988 1147 3048 eine
1164 2986 1459 3054 Verbindlichkeit

222 3101 341 3164 darauf
360 3097 615 3162 tibernithmen.’'
655 3098 692 3159 ln
718 3099 813 3161 inser.
840 3098 912 3160 Wa.
933 3098 958 3161 I.
979 3100 1122 3178 289,21:
1144 3102 1308 3175 ὁλοσχερές,
1330 3107 1457 3177 δόκιμον,

224 3216 334 3285 ἄσυλον,
360 3217 505 3285 ἀνέπαφον,
532 3213 624 3272 ἀτελὲς
657 3214 773 3283 πάντων,
804 3209 877 3271 Wa.
904 3209 957 3271 II:
985 3214 1114 3266 (ὶκινάυννν
1135 3246 1167 3254 -
1191 3217 1303 3280 νόμισμα
1327 3247 1362 3257 -
1386 3220 1457 3272 δόκι-

222 3348 285 3396 μον,
306 3327 468 3398 ὁλοαχεμές,
490 3327 635 3392 ἀνέπαφον,
657 3323 748 3384 ἀτελὲς
772 3326 882 3378 πάντων.

273 3450 325 3495 20.
375 3438 514 3505 κρατεῖν
548 3432 579 3492 in
609 3430 670 3492 hac
696 3452 730 3492 re
754 3433 925 3512 proprium
950 3449 1063 3510 49,11.
1115 3431 1149 3493 Si
1174 3431 1302 3494 debitor
1327 3435 1455 3515 pignus

224 3552 360 3606 conatur
395 3550 541 3605 avertere
578 3549 633 3618 αιὀο,
669 3551 779 3626 potest
811 3543 843 3603 in
876 3562 952 3603 eum
986 3542 1107 3603 intendi
1140 3562 1225 3623 quae
1257 3547 1294 3607 εἰς
1323 3549 1456 3618 ἐμφανῶν

224 3659 379 3716 κατάστασις
415 3661 551 3714 vocatur
580 3666 697 3731 52,1o;
728 3667 845 3733 53‚14;
874 3654 993 3732 33,18;
1023 3652 1118 3732 56,3;
1147 3654 1207 3733 383
1234 3670 1297 3731 4o;
1323 3669 1381 3734 45.
1409 3657 1454 3719 de

224 3784 288 3846 qua
313 3764 352 3827 cf.
380 3763 618 3827 Mei-Schoem.
644 3786 676 3846 p.
704 3780 782 3844 479.
