3008 5296
813 530 858 607 46

276 730 489 792 κομιζεσδαε
521 743 619 804 saepe
655 722 743 783 idem
781 723 870 803 quod
908 729 1117 793 ἀνακομίζεσδαι
1148 733 1341 802 recuperare
1380 739 1438 801 4,7
1452 746 1459 798 3

231 851 352 913 19,149
377 840 439 895 cet.

787 1276 802 1352 5
830 1272 882 1335 26.

164 1558 166 1563 ,
277 1513 327 1575 19.
377 1496 430 1556 De
455 1497 614 1557 sententia
638 1515 697 1576 per
722 1501 806 1553 ἀλλά
832 1493 964 1555 inducta
987 1504 1063 1576 post
1088 1498 1272 1576 negativam
1298 1498 1342 1560 cf.
1364 1499 1463 1560 Kuh-

225 1627 281 1667 ner
308 1604 341 1666 ΙΙ
368 1607 470 1685 823‚4
495 1615 528 1667 et
554 1604 666 1679 826‚8.

194 1760 196 1766 .
267 1724 489 1786 πεπόνθαμεν
514 1724 725 1774 καινότατον.
761 1714 815 1788 Sie
839 1716 936 1777 etiam
962 1737 1056 1777 casus
1082 1716 1206 1797 obliqui
1230 1721 1387 1780 neutrius
1406 1741 1464 1801 ge-

225 1828 310 1888 neris
337 1835 544 1907 usurpantur.
591 1826 638 1889 Pl.
665 1826 766 1908 Apol.
795 1843 832 1906 31
857 1826 900 1887 B:
928 1829 1027 1900 οὐγὰρ
1049 1832 1205 1903 ἀνθρωπίνῳ
1225 1831 1294 1885 ε”ριιε
1317 1837 1397 1885 το-
1417 1867 1461 1888 -.

226 1937 358 1998 Phaedo
384 1935 426 1997 62
454 1935 498 1998 C:
532 1939 599 1993 ἔοικε
629 1944 708 1993 τούτο
738 1942 837 2011 ἀτόπῳ.
873 1935 978 1997 ThuC.
1006 1949 1156 2013 1,140‚5:
1182 1937 1245 2008 περὶ
1271 1942 1401 2013 βραχέος
1432 1943 1463 1993 ἂν

225 2054 356 2118 πολεμεῖν,
382 2047 420 2109 cs.
447 2048 576 2109 Franke
603 2046 695 2107 Lect.
721 2044 928 2108 Aeschineae
953 2046 1069 2108 Philol.
1096 2044 1212 2127 Suppl.
1239 2044 1254 2105 I
1281 2065 1315 2126 p.
1345 2045 1429 2125 436.

265 2174 327 2239 ρο.
376 2167 416 2233 τῇ
436 2164 591 2234 ἡμετέρᾳ
611 2159 719 2212 αὐτῶν
739 2164 788 2216 est
813 2158 919 2218 minus
944 2165 1095 2218 accurate
1117 2156 1259 2230 dictum,
1279 2175 1360 2217 nam
1377 2156 1461 2217 alter

225 2276 294 2329 erat
318 2272 390 2331 ξένος
417 2267 431 2349 5
458 2267 488 2328 8.

275 2396 328 2440 21.
379 2384 474 2452 δίκην
501 2381 634 2452 ὀφείλει
660 2384 716 2438 aut
742 2379 797 2458 qui
823 2378 969 2439 nondum
995 2357 1232 2438 condemnatus
1258 2376 1384 2456 dignus
1411 2384 1463 2437 est

226 2492 282 2573 qui
306 2509 413 2571 poena
437 2486 614 2562 afficiatur,
640 2495 696 2548 aut
721 2489 777 2569 qui
803 2489 1039 2550 condemnatus
1064 2488 1209 2549 nondum
1234 2498 1363 2569 poenas
1386 2507 1461 2568 per-

226 2601 331 2663 solvit.
382 2598 535 2661 Schoem.
561 2596 602 2658 ad
628 2596 711 2660 Isae.
738 2597 804 2676 7,6.
1123 2573 1129 2582 .

274 2729 327 2774 22.
377 2717 491 2783 ῶσιιερ
523 2729 552 2771 c.
585 2709 756 2790 participio
789 2709 958 2772 absoluto:
991 2711 1130 2785 18,122;
1162 2708 1302 2788 19,189;
1330 2725 1459 2786 4o,42;

229 2837 347 2903 51‚17;
382 2822 438 2896 18;
477 2838 533 2900 Ι9;
563 2820 682 2899 58,49;
711 2832 771 2898 50;
802 2832 862 2898 543
888 2819 944 2900 63·
994 2820 1127 2900 Krnger
1152 2817 1298 2880 Gramm.
1330 2817 1459 2898 56‚9‚5·

275 2951 292 2996 2
298 2952 327 3013 3.
366 2939 556 3002 δεδομένων
573 2929 763 3012 (βίνλλλῑδείλ)
780 2936 900 2994 συλιῦν.
927 2931 965 2993 cs.
984 2935 1054 3005 δίκην
1074 2937 1171 2988 διδόναι
1191 2929 1355 2991 delatore
1373 2929 1460 3010 legis

228 3063 342 3125 23,41;
362 3041 424 3120 463
450 3043 604 3098 ἔνδεικνύναι
625 3047 649 3099 δ.
671 3054 726 3119 51;
753 3047 928 3117 συκοφαντίαν
947 3039 1066 3121 23,67;
1085 3043 1214 3114 τιμωρίαν
1234 3052 1293 3118 543
1317 3052 1380 3118 573
1401 3037 1458 3102 62.

226 3156 371 3219 Talionis
389 3154 475 3215 enim
492 3172 591 3214 causa
608 3153 708 3213 moris
724 3152 784 3214 fuit
800 3154 938 3225 κηρύττειν
957 3153 986 3208 εἴ
999 3174 1036 3216 τις
1057 3153 1184 3224 βούλεται
1204 3152 1319 3226 λῇζεύαι
1333 3148 1457 3235 (Thuc.

227 3268 276 3343 V,
304 3263 413 3349 115‚2)
446 3263 516 3338 vel,
552 3271 587 3324 ut
623 3277 720 3343 51,13
753 3263 887 3325 dicitur:
920 3267 1000 3329 σύλας
1023 3268 1231 3328 κατασκευάζειν.
1284 3261 1336 3324 Ita
1369 3266 1455 3328 σύλας

227 3382 358 3434 ποιεῖσθαι
392 3375 471 3454 Lys.
508 3389 608 3453 30,22
642 3381 708 3434 est:
734 3373 889 3454 praedam
914 3392 1022 3453 agere.
1073 3370 1163 3452 Quin
1188 3372 1285 3433 etiam
1312 3372 1458 3454 collegia

227 3485 388 3567 quaedam
413 3485 496 3546 sacta
519 3483 671 3545 videntur
694 3483 736 3544 ad
761 3482 820 3545 has
844 3485 972 3565 rapinas
990 3482 1209 3557 exercendas3
1229 3491 1457 3544 memorantur

227 3597 343 3659 saltem
375 3596 463 3678 apud
488 3593 607 3656 Gaium
633 3591 678 3678 (in
704 3595 781 3674 Dig.
808 3593 857 3655 IV
882 3594 923 3655 de
949 3592 1089 3678 Colleg.)
1114 3600 1245 3651 ιλιισιοτιιι
1271 3601 1287 3668 ἢ
1314 3595 1356 3651 ἐπὶ
1387 3599 1458 3652 λείου

227 3715 372 3785 ἐρχόμενοι
391 3715 407 3782 ἢ
427 3710 463 3771 εἰς
490 3712 620 3779 ἐμπορίαν
646 3705 829 3766 Posteriore
853 3712 958 3766 aetate
983 3703 1101 3764 dicitur
1124 3706 1205 3776 ῥύσια
1225 3707 1380 3759 ἀποδιδόναι
1402 3709 1456 3768 τοῖς

228 3822 388 3889 αἰτουμένοις
428 3815 543 3896 Polyb.
584 3832 737 3894 23,4‚13,
771 3815 823 3876 vel
857 3804 1048 3890 καταγγέλλεινΙ
1071 3811 1185 3893 Polyb.
1220 3824 1353 3891 4,53,2,
1393 3821 1456 3874 cet.

229 3927 339 4009 Quam
364 3928 427 3989 late
452 3926 516 3988 hoc
541 3926 664 3988 malum
689 3934 872 4006 grassatum
899 3925 939 3986 sit
965 3922 1199 3986 Demosthenis
1224 3931 1330 3984 aetate
1355 3922 1458 3985 docet

230 4041 325 4115 2,28;
353 4040 450 4117 8,25;
480 4053 623 4116 21,173;
651 4053 771 4114 24‚12;
801 4050 911 4115 51,13.

275 4151 328 4211 De
351 4158 421 4211 tota
445 4170 479 4210 re
505 4148 542 4210 cf.
571 4147 697 4210 Bockh.
724 4141 756 4208 1⁸
781 4164 845 4225 174
869 4168 938 4228 seq.
966 4144 1233 4208 Biichsenschiitz
1258 4165 1291 4226 p.
1312 4158 1402 4239 ‘542
1429 4167 1455 4209 s,

229 4259 355 4322 Citatur
379 4259 472 4321 locus
496 4266 607 4320 noster
631 4258 672 4320 ab
698 4259 801 4340 Harp.
828 4279 854 4320 s,
879 4278 910 4319 v.
937 4262 1028 4322 σύλας.

278 4389 330 4449 24.
379 4378 422 4446 μὴ
443 4375 594 4427 ιλέλυσιν.
643 4370 840 4450 Plerumque
873 4377 1018 4430 oratores
1052 4367 1190 4429 eandem
1219 4387 1371 4428 normam
1399 4368 1458 4430 ob·

229 4492 357 4546 servant
389 4503 488 4566 quam
522 4481 699 4558 Isocrates,
736 4489 771 4542 ut
794 4480 931 4541 formam
957 4485 1027 4538 ύέλο
1052 4486 1129 4562 post
1151 4478 1299 4540 vocalem
1324 4487 1457 4542 tantum
