3008 5296
184 907 218 968 9.
270 888 969 959 ὅπερ-ὑπεθέμην-ὅτι-ἀδικεῖσθε.
1008 881 1092 945 Cum
1118 883 1368 947 hacconstruc-

136 1001 245 1074 tione,
283 1017 348 1081 qua
382 1016 447 1058 non
479 995 642 1057 intellecta
668 993 791 1055 Reiske
817 1001 849 1054 et
874 991 914 1055 G.
944 994 989 1056 H.
1016 993 1169 1056 Schaefer
1194 1015 1306 1057 sanare
1332 1017 1367 1058 se

136 1118 256 1191 putant
280 1109 391 1170 locum
417 1106 700 1168 emendationibus
725 1104 965 1187 proponendiS,
993 1106 1031 1168 cf.
1059 1106 1105 1168 Pl.
1129 1106 1208 1187 Lys.
1230 1124 1296 1185 204
1316 1108 1366 1169 D:

136 1223 179 1278 καὶ
200 1225 292 1278 ὅέστι
312 1222 413 1276 τούτων
433 1221 658 1291 δεινότερον,·ὅτι
677 1218 717 1272 καὶ
738 1216 805 1292 ᾄδει.
832 1215 959 1276 Laches
979 1217 1041 1292 184
1059 1216 1104 1277 Β;
1131 1219 1303 1291 animuum,
1318 1223 1367 1277 ὅτι.

136 1331 198 1393 ΑΓ.
233 1331 320 1391 Ran.
355 1330 416 1390 108
451 1349 483 1390 s:
519 1334 608 1402 ὧνπερ
635 1332 707 1384 ἕνεκα
733 1331 813 1401 ἦλθον
831 1362 862 1371 -
880 1329 917 1382 ἵνα
944 1348 990 1394 μοι
1015 1328 1077 1391 τοὺς
1105 1331 1195 1392 Εένυυς
1218 1335 1368 1402 φράσειας,

137 1441 229 1523 quod
257 1460 353 1502 secus
370 1439 513 1521 explicat
530 1438 648 1513 Kock;
667 1438 965 1519 interpungendum
983 1437 1069 1497 enim
1087 1447 1136 1499 est
1152 1447 1228 1520 post
1244 1461 1274 1502 v.
1295 1458 1365 1503 111.

136 1551 322 1614 Infinitivus
348 1551 494 1632 sequitur
519 1548 599 1611 Plat.
628 1549 730 1629 Hipp.
759 1548 840 1610 Min.
869 1546 933 1627 368
961 1544 1005 1608 C:
1031 1552 1073 1605 καὶ
1097 1556 1162 1626 ὅγε
1182 1559 1367 1625 ἀτοπώτατον,

136 1667 220 1727 αὐτὸς
251 1665 359 1734 πλέξαι,
392 1661 539 1742 sequitur
564 1660 723 1720 sententia
747 1658 897 1720 absoluta
922 1678 980 1742 per
1004 1665 1060 1731 γάρ
1085 1661 1270 1723 introducta
1295 1659 1367 1746 (D.)
1404 1733 1406 1735 ¹

135 1771 253 1852 48,46.
304 1773 489 1833 Pronomen
522 1769 612 1831 relat.
647 1768 767 1831 indicat
800 1790 884 1850 quae
918 1783 1070 1835 secutura
1095 1773 1175 1846 sint;
1207 1773 1366 1833 omissum

134 1883 267 1947 videtur
292 1888 365 1940 τοῦτ’
391 1884 469 1956 ἐστι’,
497 1880 548 1942 vel
574 1879 682 1941 solum
706 1881 770 1937 ἐστι’
791 1881 867 1941 viris
886 1881 917 1944 d.
937 1882 1091 1944 Schoem.
1118 1883 1158 1943 ad
1178 1883 1260 1944 Isae.
1283 1900 1365 1957 120;

136 1993 322 2057 Stallbaum
347 1991 388 2054 ad
406 1991 486 2054 Plat.
505 1990 727 2067 1.1.;-Kvieala
743 2011 821 2052 vero
839 2013 922 2073 quae
935 1996 1090 2077 proponit
1103 1993 1231 2077 (Symb.
1247 1993 1363 2056 Philol.
1398 2076 1399 2079 Ἴ

136 2103 382 2174 Bonnensium,
410 2100 514 2178 1867,
541 2121 573 2182 p.
600 2099 681 2186 659)
707 2102 866 2162 omissum
892 2124 964 2166 esse
981 2105 1057 2180 ἐστι’,
1086 2106 1129 2166 ita
1154 2114 1190 2164 ut
1207 2105 1367 2165 sententia

136 2235 195 2297 per
221 2220 262 2271 ὅτι
288 2213 444 2294 incipiens
469 2213 511 2273 sit
536 2211 737 2286 subiectum,
764 2212 852 2292 prior
877 2216 1036 2277 sententia
1060 2215 1285 2297 praedicatum
1313 2212 1365 2297 (cf.

137 2325 219 2406 Lys
246 2340 321 2404 19‚2
328 2323 369 2408 5),
395 2331 467 2384 tum
495 2322 689 2383 sententiam
715 2321 881 2384 relativam
908 2325 939 2385 in
963 2325 1192 2386 brevius-esse
1218 2334 1366 2386 contrac-

136 2443 204 2496 tam
238 2430 399 2517 (δεινότερον
424 2437 453 2489 δὲ
478 2435 594 2505 τούτων,
615 2439 736 2507 μέγιστον
757 2436 786 2489 δὲ
806 2434 959 2519 τεκμήριον)
984 2433 1065 2496 haec
1091 2436 1186 2497 nimis
1213 2434 1363 2495 Videntur

138 2544 322 2607 artificiosa.
371 2542 458 2605 Vide
493 2550 661 2624 praeterea
699 2541 806 2605 Rehd.
846 2544 1001 2626 Append.
1040 2546 1081 2607 ad
1119 2546 1264 2625 Lycurg.
1305 2543 1365 2622 56;

139 2657 262 2718 Weber
294 2655 336 2717 ad
368 2655 626 2716 Aristocrateam
662 2671 763 2735 23,19
795 2652 840 2737 (p.
870 2669 952 2734 54o;
982 2656 1106 2742 597,6).
1157 2657 1233 2717 Non
1260 2655 1367 2717 conse-

140 2766 231 2829 rendi
268 2774 344 2828 sunt
381 2765 444 2826 loci
479 2764 583 2846 qualis
617 2774 667 2826 est
700 2764 746 2826 Pl.
781 2765 928 2847 Euthyd.
965 2785 1031 2847 304
1065 2766 1109 2843 C,
1144 2788 1243 2849 quem
1276 2766 1367 2829 affert

140 2875 322 2939 Stallbaum
347 2875 410 2952 l.l.,
431 2877 485 2937 ubi
501 2895 684 2957 pronomen
701 2874 791 2938 relat.
811 2896 876 2937 non
892 2879 1050 2959 prospicit
1066 2879 1107 2939 ad
1122 2879 1290 2960 sequentia
1308 2878 1366 2938 sed

139 2987 181 3049 ad
205 3007 399 3069 praegressa
423 2987 571 3068 respicit,
603 2985 644 3046 de
670 3006 736 3067 quo
762 3007 822 3047 usu
848 2987 923 3048 vide
948 2987 1104 3064 Kiihner,
1133 2988 1165 3049 ΙΙ
1191 3010 1223 3069 p.
1251 3005 1364 3067 941‚2.

187 3117 219 3178 9.
268 3099 321 3155 zat
347 3099 444 3167 ὑμεῖς
473 3101 661 3155 ἀδικεῖσθε.
706 3096 752 3159 Ut
776 3097 808 3157 in
833 3098 972 3160 exordio
996 3099 1145 3181 ponitur,
1172 3119 1239 3180 quo
1264 3108 1366 3161 atten-

138 3210 239 3270 tiores
265 3207 341 3269 fiant
365 3207 507 3282 iudices,
534 3208 580 3268 sic
606 3206 670 3268 hoc
695 3216 925 3287 argumentum
950 3209 1037 3270 valet
1061 3210 1093 3270 in
1110 3209 1173 3272 fine
1190 3210 1363 3284 orationis,

141 3327 177 3380 ut
201 3319 357 3381 momenti
382 3317 506 3399 aliquid
531 3316 642 3379 afferat
665 3316 706 3379 ad
732 3337 789 3378 eos
814 3318 1072 3400 permovendos;
1100 3320 1138 3382 cf.
1160 3337 1251 3395 22,1;
1273 3337 1364 3399 23‚1;

143 3447 238 3506 20‚2;
268 3430 363 3506 24,8;
393 3437 814 3508 50‚1et54‚41;43‚72;
844 3428 955 3508 56550·

194 3558 243 3602 12.
293 3554 356 3599 τῶν
383 3547 494 3611 νόμων
516 3546 687 3615 κρείττων
713 3539 780 3600 fieri
805 3540 1003 3603 contendere
1028 3562 1137 3617 reum,
1165 3562 1263 3623 saepe
1287 3543 1365 3604 vitio

141 3651 253 3713 datur:
283 3650 401 3728 21,66;
430 3648 526 3726 26,8;
553 3664 674 3729 42‚15;
702 3665 825 3730 44,15;
855 3653 965 3730 58,15.

194 3762 243 3825 16.
293 3773 360 3827 πῶς
383 3768 420 3822 οὐ
445 3760 594 3823 affirmat.
644 3760 785 3823 Kuhner
810 3762 842 3822 II
869 3783 901 3844 p.
930 3780 1060 3843 1022,9.
1111 3764 1164 3825 De
1189 3764 1366 3843 interroga-

141 3875 229 3935 tione
254 3875 286 3935 in
311 3873 373 3935 fine
398 3872 523 3955 periodi
549 3873 662 3934 iterata
687 3871 840 3936 Schoem.
866 3873 908 3935 ad
934 3874 1016 3936 isae.
1043 3889 1134 3954 9,15.

194 3984 243 4047 16.
294 3992 309 4041 ὁ
330 3991 490 4048 τοιοῦτος
514 3983 693 4055 ἅνθρωπος
723 3982 773 4044 lrr'c
797 3984 853 4064 qui
874 3984 946 4046 talis
974 3994 1020 4045 est
1045 3986 1169 4064 qualem
1197 3984 1349 4063 descripsi
1358 4008 1364 4059 ;

143 4095 322 4157 Schneider
346 4095 387 4157 ad
406 4095 506 4156 Isocr.
526 4095 623 4171 4823
643 4094 681 4157 cs.
701 4094 840 4157 Kiihner
858 4096 901 4158 II.
920 4117 952 4177 p.
975 4109 1049 4174 544,
1057 4110 1093 4175 5;
1113 4085 1219 4176 Kriig.
1242 4095 1364 4174 50,4,6.

143 4205 226 4269 Cum
251 4216 320 4268 tota
344 4205 551 4289 paragrapho
578 4205 687 4267 confer
713 4208 827 4286 48‚55.
