<?xml version="1.0" encoding="UTF-8"?>
<!DOCTYPE html PUBLIC "-//W3C//DTD XHTML 1.0 Transitional//EN"
    "http://www.w3.org/TR/xhtml1/DTD/xhtml1-transitional.dtd">
<html xmlns="http://www.w3.org/1999/xhtml" xml:lang="en" lang="en">
 <head>
  <title>
</title>
<meta http-equiv="Content-Type" content="text/html;charset=utf-8" />
  <meta name='ocr-system' content='tesseract 3.04.00' />
  <meta name='ocr-capabilities' content='ocr_page ocr_carea ocr_par ocr_line ocrx_word'/>
</head>
<body>
  <div class='ocr_page' id='page_1' title='image "./annotationesadd00hanngoog_0039.png"; bbox 0 0 3008 5296; ppageno 0'>
   <div class='ocr_carea' id='block_1_1' title="bbox 797 701 869 777">
    <p class='ocr_par' dir='ltr' id='par_1_1' title="bbox 797 701 869 777">
     <span class='ocr_line' id='line_1_1' title="bbox 797 701 869 777; baseline 0.042 -3"><span class='ocrx_word' id='word_1_1' title='bbox 797 701 869 777; x_wconf 78' lang='lat'>§3-</span> 
     </span>
    </p>
   </div>
   <div class='ocr_carea' id='block_1_2' title="bbox 217 916 1454 4524">
    <p class='ocr_par' dir='ltr' id='par_1_2' title="bbox 218 916 1450 1328">
     <span class='ocr_line' id='line_1_2' title="bbox 268 916 1450 1004; baseline 0.012 -34"><span class='ocrx_word' id='word_1_2' title='bbox 268 918 298 978; x_wconf 83' lang='grc'>8,</span> <span class='ocrx_word' id='word_1_3' title='bbox 347 916 444 972; x_wconf 79' lang='grc' dir='ltr'><em>οὗτοι</em></span> <span class='ocrx_word' id='word_1_4' title='bbox 473 918 532 985; x_wconf 74' lang='grc' dir='ltr'>μὲν</span> <span class='ocrx_word' id='word_1_5' title='bbox 562 917 618 972; x_wconf 78' lang='grc' dir='ltr'>οὖν</span> <span class='ocrx_word' id='word_1_6' title='bbox 648 921 801 972; x_wconf 78' lang='grc' dir='ltr'><strong><em>τοιοῦτοι</em></strong></span> <span class='ocrx_word' id='word_1_7' title='bbox 830 919 923 974; x_wconf 79' lang='grc' dir='ltr'><strong><em>εἰσιν.</em></strong></span> <span class='ocrx_word' id='word_1_8' title='bbox 973 917 1023 980; x_wconf 78' lang='lat' dir='ltr'>Ita</span> <span class='ocrx_word' id='word_1_9' title='bbox 1055 926 1165 980; x_wconf 74' lang='lat' dir='ltr'>noster</span> <span class='ocrx_word' id='word_1_10' title='bbox 1197 939 1297 1001; x_wconf 82' lang='lat' dir='ltr'>saepe</span> <span class='ocrx_word' id='word_1_11' title='bbox 1321 922 1450 1004; x_wconf 73' lang='lat' dir='ltr'>Colligit</span> 
     </span>
     <span class='ocr_line' id='line_1_3' title="bbox 219 1022 1448 1111; baseline 0.005 -23"><span class='ocrx_word' id='word_1_12' title='bbox 219 1047 303 1108; x_wconf 90' lang='lat' dir='ltr'>quae</span> <span class='ocrx_word' id='word_1_13' title='bbox 335 1025 437 1086; x_wconf 87' lang='lat' dir='ltr'>fusius</span> <span class='ocrx_word' id='word_1_14' title='bbox 470 1024 621 1105; x_wconf 87' lang='lat' dir='ltr'>exposita</span> <span class='ocrx_word' id='word_1_15' title='bbox 652 1022 865 1099; x_wconf 87' lang='lat' dir='ltr'>antecedunt,</span> <span class='ocrx_word' id='word_1_16' title='bbox 897 1026 987 1089; x_wconf 88' lang='lat' dir='ltr'>velut</span> <span class='ocrx_word' id='word_1_17' title='bbox 1012 1031 1027 1104; x_wconf 66' lang='grc' dir='ltr'><strong>ξ</strong></span> <span class='ocrx_word' id='word_1_18' title='bbox 1056 1040 1091 1106; x_wconf 81' lang='grc'>5,</span> <span class='ocrx_word' id='word_1_19' title='bbox 1121 1045 1180 1103; x_wconf 94' lang='grc'>22,</span> <span class='ocrx_word' id='word_1_20' title='bbox 1210 1046 1270 1107; x_wconf 90' lang='lat'>24,</span> <span class='ocrx_word' id='word_1_21' title='bbox 1300 1046 1367 1111; x_wconf 85' lang='lat'>35,</span> <span class='ocrx_word' id='word_1_22' title='bbox 1400 1047 1448 1111; x_wconf 86' lang='lat'>52.</span> 
     </span>
     <span class='ocr_line' id='line_1_4' title="bbox 219 1135 1450 1223; baseline 0.004 -24"><span class='ocrx_word' id='word_1_23' title='bbox 219 1137 395 1199; x_wconf 88' lang='lat' dir='ltr'>Formulae</span> <span class='ocrx_word' id='word_1_24' title='bbox 420 1139 467 1206; x_wconf 80' lang='grc' dir='ltr'>μὲν</span> <span class='ocrx_word' id='word_1_25' title='bbox 489 1140 535 1194; x_wconf 73' lang='grc' dir='ltr'>οὖν</span> <span class='ocrx_word' id='word_1_26' title='bbox 560 1136 606 1195; x_wconf 93' lang='lat' dir='ltr'>sic</span> <span class='ocrx_word' id='word_1_27' title='bbox 633 1143 806 1215; x_wconf 84' lang='lat' dir='ltr'>usurpatae</span> <span class='ocrx_word' id='word_1_28' title='bbox 831 1135 923 1198; x_wconf 90' lang='lat' dir='ltr'>locos</span> <span class='ocrx_word' id='word_1_29' title='bbox 948 1147 1117 1200; x_wconf 83' lang='lat' dir='ltr'>enumerat</span> <span class='ocrx_word' id='word_1_30' title='bbox 1142 1138 1294 1203; x_wconf 89' lang='lat' dir='ltr'>Gebauer</span> <span class='ocrx_word' id='word_1_31' title='bbox 1318 1141 1365 1204; x_wconf 91' lang='lat' dir='ltr'>ad</span> <span class='ocrx_word' id='word_1_32' title='bbox 1386 1142 1450 1223; x_wconf 92' lang='lat' dir='ltr'>Ly-</span> 
     </span>
     <span class='ocr_line' id='line_1_5' title="bbox 218 1244 965 1328; baseline 0 -18"><span class='ocrx_word' id='word_1_33' title='bbox 218 1251 299 1311; x_wconf 86' lang='lat' dir='ltr'>siam</span> <span class='ocrx_word' id='word_1_34' title='bbox 330 1265 387 1328; x_wconf 84' lang='lat'>13‚</span> <span class='ocrx_word' id='word_1_35' title='bbox 416 1262 469 1325; x_wconf 86' lang='lat'>30.</span> <span class='ocrx_word' id='word_1_36' title='bbox 497 1244 535 1306; x_wconf 82' lang='lat' dir='ltr'>cf.</span> <span class='ocrx_word' id='word_1_37' title='bbox 562 1244 701 1305; x_wconf 77' lang='lat' dir='ltr'>Kiihner</span> <span class='ocrx_word' id='word_1_38' title='bbox 727 1244 759 1305; x_wconf 94' lang='lat' dir='ltr'>II</span> <span class='ocrx_word' id='word_1_39' title='bbox 786 1266 818 1326; x_wconf 91' lang='lat' dir='ltr'>p.</span> <span class='ocrx_word' id='word_1_40' title='bbox 845 1261 912 1323; x_wconf 85' lang='lat'>710</span> <span class='ocrx_word' id='word_1_41' title='bbox 937 1269 965 1309; x_wconf 93' lang='lat' dir='ltr'>c.</span> 
     </span>
    </p>

    <p class='ocr_par' dir='ltr' id='par_1_3' title="bbox 218 1354 1449 1879">
     <span class='ocr_line' id='line_1_6' title="bbox 266 1354 1449 1436; baseline -0.002 -16"><span class='ocrx_word' id='word_1_42' title='bbox 266 1358 369 1422; x_wconf 90' lang='lat' dir='ltr'>Vides</span> <span class='ocrx_word' id='word_1_43' title='bbox 398 1364 509 1419; x_wconf 89' lang='lat' dir='ltr'>autem</span> <span class='ocrx_word' id='word_1_44' title='bbox 538 1374 638 1436; x_wconf 91' lang='lat' dir='ltr'>quam</span> <span class='ocrx_word' id='word_1_45' title='bbox 671 1354 830 1417; x_wconf 88' lang='lat' dir='ltr'>dissoluta</span> <span class='ocrx_word' id='word_1_46' title='bbox 862 1358 903 1419; x_wconf 90' lang='lat' dir='ltr'>sit</span> <span class='ocrx_word' id='word_1_47' title='bbox 936 1357 1017 1420; x_wconf 89' lang='lat' dir='ltr'>haec</span> <span class='ocrx_word' id='word_1_48' title='bbox 1042 1361 1190 1421; x_wconf 89' lang='lat' dir='ltr'>iunctura</span> <span class='ocrx_word' id='word_1_49' title='bbox 1210 1362 1283 1419; x_wconf 79' lang='grc' dir='ltr'><em>οὗτοι</em></span> <span class='ocrx_word' id='word_1_50' title='bbox 1303 1367 1353 1429; x_wconf 81' lang='grc' dir='ltr'>μέν</span> <span class='ocrx_word' id='word_1_51' title='bbox 1374 1364 1449 1433; x_wconf 70' lang='grc' dir='ltr'>εἰσιν,</span> 
     </span>
     <span class='ocr_line' id='line_1_7' title="bbox 218 1464 1449 1551; baseline 0.005 -27"><span class='ocrx_word' id='word_1_52' title='bbox 218 1467 271 1542; x_wconf 71' lang='grc' dir='ltr'>ἐγώ</span> <span class='ocrx_word' id='word_1_53' title='bbox 298 1470 327 1523; x_wconf 70' lang='grc' dir='ltr'>δὲ</span> <span class='ocrx_word' id='word_1_54' title='bbox 353 1467 456 1542; x_wconf 76' lang='grc' dir='ltr'><em>εἴληχα.</em></span> <span class='ocrx_word' id='word_1_55' title='bbox 507 1464 600 1526; x_wconf 85' lang='lat' dir='ltr'><strong>Idem</strong></span> <span class='ocrx_word' id='word_1_56' title='bbox 632 1466 786 1526; x_wconf 87' lang='lat' dir='ltr'>transitus</span> <span class='ocrx_word' id='word_1_57' title='bbox 820 1484 882 1545; x_wconf 81' lang='lat'>43,</span> <span class='ocrx_word' id='word_1_58' title='bbox 914 1466 969 1530; x_wconf 88' lang='lat'>68.</span> <span class='ocrx_word' id='word_1_59' title='bbox 1020 1467 1122 1548; x_wconf 82' lang='lat' dir='ltr'>Quod</span> <span class='ocrx_word' id='word_1_60' title='bbox 1146 1469 1262 1530; x_wconf 88' lang='lat' dir='ltr'>attinet</span> <span class='ocrx_word' id='word_1_61' title='bbox 1286 1467 1328 1529; x_wconf 91' lang='lat' dir='ltr'>ad</span> <span class='ocrx_word' id='word_1_62' title='bbox 1356 1488 1449 1551; x_wconf 90' lang='lat' dir='ltr'>repe·</span> 
     </span>
     <span class='ocr_line' id='line_1_8' title="bbox 218 1577 1449 1659; baseline 0.006 -27"><span class='ocrx_word' id='word_1_63' title='bbox 218 1579 314 1638; x_wconf 85' lang='lat' dir='ltr'>titum</span> <span class='ocrx_word' id='word_1_64' title='bbox 338 1578 416 1641; x_wconf 82' lang='grc' dir='ltr'>οὔτος</span> <span class='ocrx_word' id='word_1_65' title='bbox 441 1577 1117 1654; x_wconf 76' lang='grc' dir='ltr'>(οὗτυι-τοὺτυυ-τουτῳὶ-ταύτην-τούτους),</span> <span class='ocrx_word' id='word_1_66' title='bbox 1146 1579 1224 1641; x_wconf 83' lang='lat' dir='ltr'>talia</span> <span class='ocrx_word' id='word_1_67' title='bbox 1248 1577 1338 1659; x_wconf 84' lang='lat' dir='ltr'>apud</span> <span class='ocrx_word' id='word_1_68' title='bbox 1366 1579 1449 1657; x_wconf 87' lang='lat' dir='ltr'>opti-</span> 
     </span>
     <span class='ocr_line' id='line_1_9' title="bbox 219 1687 1449 1769; baseline 0.001 -20"><span class='ocrx_word' id='word_1_69' title='bbox 219 1708 291 1749; x_wconf 90' lang='lat' dir='ltr'>mos</span> <span class='ocrx_word' id='word_1_70' title='bbox 323 1707 474 1768; x_wconf 90' lang='lat' dir='ltr'>quosque</span> <span class='ocrx_word' id='word_1_71' title='bbox 506 1695 657 1748; x_wconf 86' lang='lat' dir='ltr'>auctores</span> <span class='ocrx_word' id='word_1_72' title='bbox 682 1687 896 1766; x_wconf 89' lang='lat' dir='ltr'>reperiuntur.</span> <span class='ocrx_word' id='word_1_73' title='bbox 923 1687 962 1749; x_wconf 87' lang='lat' dir='ltr'>cf.</span> <span class='ocrx_word' id='word_1_74' title='bbox 990 1688 1065 1750; x_wconf 87' lang='lat' dir='ltr'>Fox</span> <span class='ocrx_word' id='word_1_75' title='bbox 1089 1688 1131 1750; x_wconf 94' lang='lat' dir='ltr'>ad</span> <span class='ocrx_word' id='word_1_76' title='bbox 1156 1709 1202 1751; x_wconf 93' lang='lat' dir='ltr'>or.</span> <span class='ocrx_word' id='word_1_77' title='bbox 1228 1687 1270 1748; x_wconf 91' lang='lat' dir='ltr'>de</span> <span class='ocrx_word' id='word_1_78' title='bbox 1297 1688 1449 1769; x_wconf 89' lang='lat' dir='ltr'>Megalo-</span> 
     </span>
     <span class='ocr_line' id='line_1_10' title="bbox 221 1795 558 1879; baseline -0.009 -20"><span class='ocrx_word' id='word_1_79' title='bbox 221 1797 331 1879; x_wconf 89' lang='lat' dir='ltr'>politis</span> <span class='ocrx_word' id='word_1_80' title='bbox 357 1801 372 1874; x_wconf 67' lang='grc' dir='ltr'>ἕ</span> <span class='ocrx_word' id='word_1_81' title='bbox 398 1815 420 1874; x_wconf 90' lang='lat'><strong>4</strong></span> <span class='ocrx_word' id='word_1_82' title='bbox 444 1817 476 1878; x_wconf 91' lang='lat' dir='ltr'>p.</span> <span class='ocrx_word' id='word_1_83' title='bbox 503 1795 558 1857; x_wconf 87' lang='lat'>68.</span> 
     </span>
    </p>

    <p class='ocr_par' dir='ltr' id='par_1_4' title="bbox 217 1906 1450 3090">
     <span class='ocr_line' id='line_1_11' title="bbox 265 1906 1449 1989; baseline 0.005 -25"><span class='ocrx_word' id='word_1_84' title='bbox 265 1928 296 1988; x_wconf 83' lang='lat'>9.</span> <span class='ocrx_word' id='word_1_85' title='bbox 346 1916 510 1984; x_wconf 75' lang='grc' dir='ltr'><em>χρήματα</em></span> <span class='ocrx_word' id='word_1_86' title='bbox 531 1911 700 1971; x_wconf 73' lang='grc' dir='ltr'><em>δανείσας.</em></span> <span class='ocrx_word' id='word_1_87' title='bbox 743 1906 796 1968; x_wconf 92' lang='lat' dir='ltr'>De</span> <span class='ocrx_word' id='word_1_88' title='bbox 820 1906 983 1970; x_wconf 90' lang='lat' dir='ltr'>vocabulo</span> <span class='ocrx_word' id='word_1_89' title='bbox 1007 1912 1133 1973; x_wconf 67' lang='grc' dir='ltr'><em>δανειῒειν</em></span> <span class='ocrx_word' id='word_1_90' title='bbox 1159 1908 1304 1989; x_wconf 91' lang='lat' dir='ltr'>disputat</span> <span class='ocrx_word' id='word_1_91' title='bbox 1322 1906 1449 1970; x_wconf 84' lang='lat' dir='ltr'>Salma-</span> 
     </span>
     <span class='ocr_line' id='line_1_12' title="bbox 218 2016 1448 2098; baseline 0.001 -18"><span class='ocrx_word' id='word_1_92' title='bbox 218 2020 285 2080; x_wconf 91' lang='lat' dir='ltr'>sius</span> <span class='ocrx_word' id='word_1_93' title='bbox 311 2017 352 2078; x_wconf 93' lang='lat' dir='ltr'>de</span> <span class='ocrx_word' id='word_1_94' title='bbox 379 2017 435 2080; x_wconf 94' lang='lat' dir='ltr'>Us.</span> <span class='ocrx_word' id='word_1_95' title='bbox 462 2038 494 2098; x_wconf 89' lang='lat' dir='ltr'>p.</span> <span class='ocrx_word' id='word_1_96' title='bbox 514 2029 550 2095; x_wconf 84' lang='lat'>15</span> <span class='ocrx_word' id='word_1_97' title='bbox 572 2036 604 2077; x_wconf 94' lang='lat' dir='ltr'>s:</span> <span class='ocrx_word' id='word_1_98' title='bbox 627 2017 759 2097; x_wconf 91' lang='lat' dir='ltr'>proprie</span> <span class='ocrx_word' id='word_1_99' title='bbox 776 2016 855 2078; x_wconf 86' lang='lat' dir='ltr'>nihil</span> <span class='ocrx_word' id='word_1_100' title='bbox 873 2038 945 2078; x_wconf 89' lang='lat' dir='ltr'>esse</span> <span class='ocrx_word' id='word_1_101' title='bbox 963 2018 1022 2079; x_wconf 91' lang='lat' dir='ltr'>nisi</span> <span class='ocrx_word' id='word_1_102' title='bbox 1040 2027 1183 2079; x_wconf 84' lang='lat' dir='ltr'>mutuum</span> <span class='ocrx_word' id='word_1_103' title='bbox 1199 2018 1288 2080; x_wconf 86' lang='lat' dir='ltr'>dare.</span> <span class='ocrx_word' id='word_1_104' title='bbox 1318 2018 1448 2081; x_wconf 89' lang='lat' dir='ltr'>Nonius</span> 
     </span>
     <span class='ocr_line' id='line_1_13' title="bbox 218 2125 1449 2211; baseline 0.002 -23"><span class='ocrx_word' id='word_1_105' title='bbox 218 2127 263 2211; x_wconf 88' lang='lat' dir='ltr'>(p.</span> <span class='ocrx_word' id='word_1_106' title='bbox 294 2142 375 2207; x_wconf 84' lang='lat'>513,</span> <span class='ocrx_word' id='word_1_107' title='bbox 409 2125 478 2211; x_wconf 88' lang='lat'>16):</span> <span class='ocrx_word' id='word_1_108' title='bbox 506 2134 658 2187; x_wconf 92' lang='lat' dir='ltr'>mutuum</span> <span class='ocrx_word' id='word_1_109' title='bbox 682 2147 701 2188; x_wconf 90' lang='lat' dir='ltr'>a</span> <span class='ocrx_word' id='word_1_110' title='bbox 725 2126 835 2189; x_wconf 85' lang='lat' dir='ltr'>fenore</span> <span class='ocrx_word' id='word_1_111' title='bbox 859 2127 923 2189; x_wconf 93' lang='lat' dir='ltr'>hoc</span> <span class='ocrx_word' id='word_1_112' title='bbox 948 2127 1062 2203; x_wconf 90' lang='lat' dir='ltr'>distat,</span> <span class='ocrx_word' id='word_1_113' title='bbox 1090 2128 1180 2208; x_wconf 93' lang='lat' dir='ltr'>quod</span> <span class='ocrx_word' id='word_1_114' title='bbox 1205 2136 1361 2190; x_wconf 91' lang='lat' dir='ltr'>mutuum</span> <span class='ocrx_word' id='word_1_115' title='bbox 1380 2131 1449 2191; x_wconf 88' lang='lat' dir='ltr'>sine</span> 
     </span>
     <span class='ocr_line' id='line_1_14' title="bbox 219 2237 1447 2320; baseline 0.003 -21"><span class='ocrx_word' id='word_1_116' title='bbox 219 2239 343 2313; x_wconf 77' lang='lat' dir='ltr'>usuriS,</span> <span class='ocrx_word' id='word_1_117' title='bbox 376 2237 469 2298; x_wconf 86' lang='lat' dir='ltr'>senus</span> <span class='ocrx_word' id='word_1_118' title='bbox 502 2256 578 2298; x_wconf 94' lang='lat' dir='ltr'>cum</span> <span class='ocrx_word' id='word_1_119' title='bbox 612 2238 718 2298; x_wconf 92' lang='lat' dir='ltr'>usuris</span> <span class='ocrx_word' id='word_1_120' title='bbox 751 2239 899 2301; x_wconf 90' lang='lat' dir='ltr'>sumitur.</span> <span class='ocrx_word' id='word_1_121' title='bbox 949 2238 1052 2301; x_wconf 90' lang='lat' dir='ltr'>Plaut.</span> <span class='ocrx_word' id='word_1_122' title='bbox 1086 2238 1181 2302; x_wconf 87' lang='lat' dir='ltr'>Asin.</span> <span class='ocrx_word' id='word_1_123' title='bbox 1217 2240 1270 2320; x_wconf 88' lang='lat'>(1,</span> <span class='ocrx_word' id='word_1_124' title='bbox 1305 2257 1342 2318; x_wconf 85' lang='lat'>3,</span> <span class='ocrx_word' id='word_1_125' title='bbox 1371 2240 1447 2320; x_wconf 81' lang='lat'><strong>95):</strong></span> 
     </span>
     <span class='ocr_line' id='line_1_15' title="bbox 219 2349 1448 2432; baseline 0.002 -22"><span class='ocrx_word' id='word_1_126' title='bbox 219 2349 305 2410; x_wconf 90' lang='lat' dir='ltr'>Nam</span> <span class='ocrx_word' id='word_1_127' title='bbox 336 2349 361 2408; x_wconf 94' lang='lat' dir='ltr'>si</span> <span class='ocrx_word' id='word_1_128' title='bbox 387 2356 503 2408; x_wconf 92' lang='lat' dir='ltr'>mutuo</span> <span class='ocrx_word' id='word_1_129' title='bbox 528 2367 592 2408; x_wconf 95' lang='lat' dir='ltr'>non</span> <span class='ocrx_word' id='word_1_130' title='bbox 618 2356 752 2429; x_wconf 89' lang='lat' dir='ltr'>potero,</span> <span class='ocrx_word' id='word_1_131' title='bbox 780 2357 905 2411; x_wconf 88' lang='lat' dir='ltr'>certum</span> <span class='ocrx_word' id='word_1_132' title='bbox 930 2358 980 2411; x_wconf 92' lang='lat' dir='ltr'>est</span> <span class='ocrx_word' id='word_1_133' title='bbox 1004 2369 1132 2412; x_wconf 90' lang='lat' dir='ltr'>sumam</span> <span class='ocrx_word' id='word_1_134' title='bbox 1157 2349 1277 2412; x_wconf 82' lang='lat' dir='ltr'>fenore.</span> <span class='ocrx_word' id='word_1_135' title='bbox 1330 2350 1448 2432; x_wconf 90' lang='lat' dir='ltr'>Itaque</span> 
     </span>
     <span class='ocr_line' id='line_1_16' title="bbox 218 2457 1449 2540; baseline 0.002 -21"><span class='ocrx_word' id='word_1_136' title='bbox 218 2477 317 2539; x_wconf 88' lang='lat' dir='ltr'>saepe</span> <span class='ocrx_word' id='word_1_137' title='bbox 348 2457 476 2538; x_wconf 86' lang='lat' dir='ltr'>plenius</span> <span class='ocrx_word' id='word_1_138' title='bbox 502 2458 619 2519; x_wconf 88' lang='lat' dir='ltr'>dicitur</span> <span class='ocrx_word' id='word_1_139' title='bbox 643 2463 768 2524; x_wconf 70' lang='lat' dir='ltr'>dauecteu</span> <span class='ocrx_word' id='word_1_140' title='bbox 788 2460 830 2515; x_wconf 78' lang='grc' dir='ltr'>ἐπὶ</span> <span class='ocrx_word' id='word_1_141' title='bbox 850 2465 932 2536; x_wconf 75' lang='grc' dir='ltr'>τόκῳ,</span> <span class='ocrx_word' id='word_1_142' title='bbox 957 2460 1130 2540; x_wconf 91' lang='lat' dir='ltr'>pecuniam</span> <span class='ocrx_word' id='word_1_143' title='bbox 1155 2459 1265 2521; x_wconf 80' lang='lat' dir='ltr'>fenore</span> <span class='ocrx_word' id='word_1_144' title='bbox 1290 2458 1390 2536; x_wconf 87' lang='lat' dir='ltr'>dare,</span> <span class='ocrx_word' id='word_1_145' title='bbox 1417 2462 1449 2522; x_wconf 92' lang='lat' dir='ltr'>in</span> 
     </span>
     <span class='ocr_line' id='line_1_17' title="bbox 217 2568 1448 2651; baseline 0.002 -21"><span class='ocrx_word' id='word_1_146' title='bbox 217 2569 328 2631; x_wconf 86' lang='lat' dir='ltr'>fenore</span> <span class='ocrx_word' id='word_1_147' title='bbox 353 2568 532 2643; x_wconf 89' lang='lat' dir='ltr'>collocare,</span> <span class='ocrx_word' id='word_1_148' title='bbox 559 2570 683 2630; x_wconf 88' lang='lat' dir='ltr'>ratione</span> <span class='ocrx_word' id='word_1_149' title='bbox 708 2568 818 2631; x_wconf 91' lang='lat' dir='ltr'>habita</span> <span class='ocrx_word' id='word_1_150' title='bbox 842 2570 1081 2651; x_wconf 89' lang='lat' dir='ltr'>etymologiae;</span> <span class='ocrx_word' id='word_1_151' title='bbox 1108 2590 1183 2631; x_wconf 90' lang='lat' dir='ltr'>nam</span> <span class='ocrx_word' id='word_1_152' title='bbox 1208 2590 1309 2651; x_wconf 90' lang='lat' dir='ltr'>quam</span> <span class='ocrx_word' id='word_1_153' title='bbox 1334 2571 1368 2631; x_wconf 92' lang='lat' dir='ltr'>in</span> <span class='ocrx_word' id='word_1_154' title='bbox 1387 2592 1448 2633; x_wconf 89' lang='lat' dir='ltr'>usu</span> 
     </span>
     <span class='ocr_line' id='line_1_18' title="bbox 218 2656 1450 2760; baseline -0.001 -20"><span class='ocrx_word' id='word_1_155' title='bbox 218 2680 316 2741; x_wconf 91' lang='lat' dir='ltr'>etiam</span> <span class='ocrx_word' id='word_1_156' title='bbox 333 2679 497 2740; x_wconf 90' lang='lat' dir='ltr'>cotidiano</span> <span class='ocrx_word' id='word_1_157' title='bbox 515 2656 662 2740; x_wconf 90' lang='lat' dir='ltr'>statuunt</span> <span class='ocrx_word' id='word_1_158' title='bbox 678 2680 878 2760; x_wconf 88' lang='lat' dir='ltr'>antiquiores</span> <span class='ocrx_word' id='word_1_159' title='bbox 896 2680 1136 2741; x_wconf 88' lang='lat' dir='ltr'>distinctionem</span> <span class='ocrx_word' id='word_1_160' title='bbox 1153 2678 1331 2741; x_wconf 85' lang='lat' dir='ltr'>¹uerborum</span> <span class='ocrx_word' id='word_1_161' title='bbox 1344 2693 1450 2757; x_wconf 78' lang='grc' dir='ltr'><strong><em>χρῆσαι</em></strong></span> 
     </span>
     <span class='ocr_line' id='line_1_19' title="bbox 218 2788 1449 2871; baseline 0.002 -21"><span class='ocrx_word' id='word_1_162' title='bbox 218 2798 251 2851; x_wconf 92' lang='lat' dir='ltr'>et</span> <span class='ocrx_word' id='word_1_163' title='bbox 275 2794 404 2865; x_wconf 74' lang='grc' dir='ltr'>δανεῖσαι,</span> <span class='ocrx_word' id='word_1_164' title='bbox 432 2809 504 2851; x_wconf 90' lang='lat' dir='ltr'>eam</span> <span class='ocrx_word' id='word_1_165' title='bbox 529 2788 730 2869; x_wconf 88' lang='lat' dir='ltr'>redarguunt</span> <span class='ocrx_word' id='word_1_166' title='bbox 754 2809 839 2870; x_wconf 91' lang='lat' dir='ltr'>quae</span> <span class='ocrx_word' id='word_1_167' title='bbox 864 2790 986 2871; x_wconf 81' lang='lat' dir='ltr'>profert</span> <span class='ocrx_word' id='word_1_168' title='bbox 1011 2790 1161 2870; x_wconf 89' lang='lat' dir='ltr'>Lipsius,</span> <span class='ocrx_word' id='word_1_169' title='bbox 1187 2798 1297 2852; x_wconf 89' lang='lat' dir='ltr'>annot.</span> <span class='ocrx_word' id='word_1_170' title='bbox 1322 2803 1391 2869; x_wconf 83' lang='lat'>550</span> <span class='ocrx_word' id='word_1_171' title='bbox 1408 2789 1449 2852; x_wconf 90' lang='lat' dir='ltr'>ad</span> 
     </span>
     <span class='ocr_line' id='line_1_20' title="bbox 220 2896 1448 2981; baseline 0.002 -21"><span class='ocrx_word' id='word_1_172' title='bbox 220 2896 548 2961; x_wconf 88' lang='lat' dir='ltr'>Meier-Schoemann</span> <span class='ocrx_word' id='word_1_173' title='bbox 574 2920 604 2960; x_wconf 94' lang='lat' dir='ltr'>u.</span> <span class='ocrx_word' id='word_1_174' title='bbox 624 2919 649 2961; x_wconf 83' lang='lat' dir='ltr'>s,</span> <span class='ocrx_word' id='word_1_175' title='bbox 675 2897 792 2980; x_wconf 90' lang='lat' dir='ltr'>Itaque</span> <span class='ocrx_word' id='word_1_176' title='bbox 808 2901 1023 2981; x_wconf 86' lang='lat' dir='ltr'>permiscetur</span> <span class='ocrx_word' id='word_1_177' title='bbox 1039 2899 1216 2981; x_wconf 92' lang='lat' dir='ltr'>aliquando</span> <span class='ocrx_word' id='word_1_178' title='bbox 1234 2920 1313 2973; x_wconf 89' lang='lat' dir='ltr'>cum</span> <span class='ocrx_word' id='word_1_179' title='bbox 1328 2912 1448 2978; x_wconf 74' lang='grc' dir='ltr'><strong><em>χρῆσαιε</em></strong></span> 
     </span>
     <span class='ocr_line' id='line_1_21' title="bbox 218 3008 608 3090; baseline 0.003 -20"><span class='ocrx_word' id='word_1_180' title='bbox 218 3029 281 3090; x_wconf 85' lang='lat'>49,</span> <span class='ocrx_word' id='word_1_181' title='bbox 307 3008 328 3070; x_wconf 88' lang='lat'>6</span> <span class='ocrx_word' id='word_1_182' title='bbox 354 3017 386 3070; x_wconf 91' lang='lat' dir='ltr'>et</span> <span class='ocrx_word' id='word_1_183' title='bbox 412 3024 450 3087; x_wconf 77' lang='lat'>73</span> <span class='ocrx_word' id='word_1_184' title='bbox 479 3026 518 3089; x_wconf 81' lang='lat'>23</span> <span class='ocrx_word' id='word_1_185' title='bbox 547 3016 608 3071; x_wconf 90' lang='lat' dir='ltr'>cet.</span> 
     </span>
    </p>

    <p class='ocr_par' dir='ltr' id='par_1_5' title="bbox 219 3092 1452 3752">
     <span class='ocr_line' id='line_1_22' title="bbox 266 3092 1451 3202; baseline 0.002 -22"><span class='ocrx_word' id='word_1_186' title='bbox 266 3120 389 3181; x_wconf 90' lang='lat' dir='ltr'>Petitor</span> <span class='ocrx_word' id='word_1_187' title='bbox 420 3128 530 3181; x_wconf 88' lang='lat' dir='ltr'>autem</span> <span class='ocrx_word' id='word_1_188' title='bbox 555 3128 604 3180; x_wconf 93' lang='lat' dir='ltr'>est</span> <span class='ocrx_word' id='word_1_189' title='bbox 627 3123 767 3196; x_wconf 71' lang='grc' dir='ltr'>ἔμπορος,</span> <span class='ocrx_word' id='word_1_190' title='bbox 794 3122 809 3198; x_wconf 64' lang='lat'>5</span> <span class='ocrx_word' id='word_1_191' title='bbox 835 3138 897 3199; x_wconf 83' lang='lat'>49;</span> <span class='ocrx_word' id='word_1_192' title='bbox 924 3139 989 3181; x_wconf 91' lang='lat' dir='ltr'>non</span> <span class='ocrx_word' id='word_1_193' title='bbox 1015 3092 1101 3181; x_wconf 87' lang='lat' dir='ltr'>ehim</span> <span class='ocrx_word' id='word_1_194' title='bbox 1126 3121 1278 3181; x_wconf 90' lang='lat' dir='ltr'>mensarii</span> <span class='ocrx_word' id='word_1_195' title='bbox 1302 3119 1366 3182; x_wconf 90' lang='lat' dir='ltr'>soli</span> <span class='ocrx_word' id='word_1_196' title='bbox 1394 3142 1451 3202; x_wconf 90' lang='lat' dir='ltr'>pe-</span> 
     </span>
     <span class='ocr_line' id='line_1_23' title="bbox 219 3229 1451 3311; baseline 0.001 -20"><span class='ocrx_word' id='word_1_197' title='bbox 219 3231 349 3291; x_wconf 90' lang='lat' dir='ltr'>cuniam</span> <span class='ocrx_word' id='word_1_198' title='bbox 373 3229 483 3291; x_wconf 88' lang='lat' dir='ltr'>fenore</span> <span class='ocrx_word' id='word_1_199' title='bbox 508 3229 644 3302; x_wconf 90' lang='lat' dir='ltr'>dabant;</span> <span class='ocrx_word' id='word_1_200' title='bbox 670 3230 761 3292; x_wconf 90' lang='lat' dir='ltr'>velut</span> <span class='ocrx_word' id='word_1_201' title='bbox 785 3238 877 3311; x_wconf 88' lang='lat' dir='ltr'>pater</span> <span class='ocrx_word' id='word_1_202' title='bbox 903 3229 1138 3292; x_wconf 90' lang='lat' dir='ltr'>Demosthenis</span> <span class='ocrx_word' id='word_1_203' title='bbox 1165 3245 1225 3307; x_wconf 86' lang='lat'>27,</span> <span class='ocrx_word' id='word_1_204' title='bbox 1244 3249 1265 3309; x_wconf 91' lang='lat'><strong>9</strong></span> <span class='ocrx_word' id='word_1_205' title='bbox 1286 3229 1451 3292; x_wconf 88' lang='lat' dir='ltr'>talentum</span> 
     </span>
     <span class='ocr_line' id='line_1_24' title="bbox 219 3338 1451 3422; baseline 0.002 -21"><span class='ocrx_word' id='word_1_206' title='bbox 219 3340 445 3402; x_wconf 85' lang='lat' dir='ltr'>collocaverat.</span> <span class='ocrx_word' id='word_1_207' title='bbox 485 3341 721 3402; x_wconf 89' lang='lat' dir='ltr'>Feneratorum</span> <span class='ocrx_word' id='word_1_208' title='bbox 747 3362 852 3422; x_wconf 90' lang='lat' dir='ltr'>genus</span> <span class='ocrx_word' id='word_1_209' title='bbox 878 3340 1043 3402; x_wconf 85' lang='lat' dir='ltr'>extolliter</span> <span class='ocrx_word' id='word_1_210' title='bbox 1070 3359 1123 3420; x_wconf 82' lang='lat'>34,</span> <span class='ocrx_word' id='word_1_211' title='bbox 1146 3353 1197 3419; x_wconf 88' lang='lat'>51.</span> <span class='ocrx_word' id='word_1_212' title='bbox 1237 3338 1345 3422; x_wconf 86' lang='lat' dir='ltr'>Saepe</span> <span class='ocrx_word' id='word_1_213' title='bbox 1363 3362 1451 3404; x_wconf 90' lang='lat' dir='ltr'>mer-</span> 
     </span>
     <span class='ocr_line' id='line_1_25' title="bbox 219 3451 1452 3532; baseline 0.002 -21"><span class='ocrx_word' id='word_1_214' title='bbox 219 3458 345 3512; x_wconf 89' lang='lat' dir='ltr'>catores</span> <span class='ocrx_word' id='word_1_215' title='bbox 383 3451 438 3531; x_wconf 91' lang='lat' dir='ltr'>qui</span> <span class='ocrx_word' id='word_1_216' title='bbox 476 3452 666 3532; x_wconf 88' lang='lat' dir='ltr'>navigantes</span> <span class='ocrx_word' id='word_1_217' title='bbox 703 3452 860 3513; x_wconf 89' lang='lat' dir='ltr'>amicitias</span> <span class='ocrx_word' id='word_1_218' title='bbox 893 3470 969 3511; x_wconf 90' lang='lat' dir='ltr'>cum</span> <span class='ocrx_word' id='word_1_219' title='bbox 1002 3451 1182 3532; x_wconf 83' lang='lat' dir='ltr'>peregrinis</span> <span class='ocrx_word' id='word_1_220' title='bbox 1216 3458 1452 3514; x_wconf 88' lang='lat' dir='ltr'>contraxerant</span> 
     </span>
     <span class='ocr_line' id='line_1_26' title="bbox 219 3561 1451 3644; baseline 0.002 -22"><span class='ocrx_word' id='word_1_221' title='bbox 219 3569 334 3643; x_wconf 90' lang='lat' dir='ltr'>postea</span> <span class='ocrx_word' id='word_1_222' title='bbox 368 3581 403 3622; x_wconf 94' lang='lat' dir='ltr'>se</span> <span class='ocrx_word' id='word_1_223' title='bbox 436 3561 555 3623; x_wconf 88' lang='lat' dir='ltr'>dabant</span> <span class='ocrx_word' id='word_1_224' title='bbox 588 3564 633 3623; x_wconf 90' lang='lat' dir='ltr'>rei</span> <span class='ocrx_word' id='word_1_225' title='bbox 665 3564 884 3644; x_wconf 76' lang='lat' dir='ltr'>argentariae,</span> <span class='ocrx_word' id='word_1_226' title='bbox 914 3563 946 3623; x_wconf 93' lang='lat' dir='ltr'>in</span> <span class='ocrx_word' id='word_1_227' title='bbox 971 3582 1009 3623; x_wconf 89' lang='lat' dir='ltr'>ea</span> <span class='ocrx_word' id='word_1_228' title='bbox 1033 3561 1134 3624; x_wconf 90' lang='lat' dir='ltr'>adiuti</span> <span class='ocrx_word' id='word_1_229' title='bbox 1159 3562 1200 3624; x_wconf 92' lang='lat' dir='ltr'>ab</span> <span class='ocrx_word' id='word_1_230' title='bbox 1225 3561 1276 3622; x_wconf 92' lang='lat' dir='ltr'>his</span> <span class='ocrx_word' id='word_1_231' title='bbox 1301 3565 1451 3625; x_wconf 87' lang='lat' dir='ltr'>externis</span> 
     </span>
     <span class='ocr_line' id='line_1_27' title="bbox 220 3670 596 3752; baseline 0.005 -20"><span class='ocrx_word' id='word_1_232' title='bbox 220 3673 334 3733; x_wconf 89' lang='lat' dir='ltr'>sociis:</span> <span class='ocrx_word' id='word_1_233' title='bbox 360 3670 436 3733; x_wconf 90' lang='lat' dir='ltr'>vide</span> <span class='ocrx_word' id='word_1_234' title='bbox 463 3690 516 3752; x_wconf 80' lang='lat'>33,</span> <span class='ocrx_word' id='word_1_235' title='bbox 540 3673 596 3749; x_wconf 87' lang='lat'>48.</span> 
     </span>
    </p>

    <p class='ocr_par' dir='ltr' id='par_1_6' title="bbox 265 3777 790 3858">
     <span class='ocr_line' id='line_1_28' title="bbox 265 3777 790 3858; baseline 0.01 -17"><span class='ocrx_word' id='word_1_236' title='bbox 265 3777 467 3858; x_wconf 77' lang='grc' dir='ltr'>Ἀρτέμωνι,</span> <span class='ocrx_word' id='word_1_237' title='bbox 495 3784 618 3844; x_wconf 92' lang='lat' dir='ltr'>omisso</span> <span class='ocrx_word' id='word_1_238' title='bbox 642 3784 790 3846; x_wconf 80' lang='lat' dir='ltr'>articulo,</span> 
     </span>
    </p>

    <p class='ocr_par' dir='ltr' id='par_1_7' title="bbox 219 3891 1453 4418">
     <span class='ocr_line' id='line_1_29' title="bbox 268 3891 1450 3975; baseline 0.001 -22"><span class='ocrx_word' id='word_1_239' title='bbox 268 3893 306 3955; x_wconf 93' lang='lat' dir='ltr'>In</span> <span class='ocrx_word' id='word_1_240' title='bbox 332 3893 482 3954; x_wconf 89' lang='lat' dir='ltr'>Lacritea</span> <span class='ocrx_word' id='word_1_241' title='bbox 504 3893 660 3954; x_wconf 88' lang='lat' dir='ltr'>articulus</span> <span class='ocrx_word' id='word_1_242' title='bbox 685 3894 817 3975; x_wconf 91' lang='lat' dir='ltr'>ponitur</span> <span class='ocrx_word' id='word_1_243' title='bbox 843 3913 919 3954; x_wconf 90' lang='lat' dir='ltr'>cum</span> <span class='ocrx_word' id='word_1_244' title='bbox 943 3892 1075 3954; x_wconf 91' lang='lat' dir='ltr'>nomine</span> <span class='ocrx_word' id='word_1_245' title='bbox 1099 3891 1235 3972; x_wconf 85' lang='lat' dir='ltr'>proprio¹</span> <span class='ocrx_word' id='word_1_246' title='bbox 1251 3891 1360 3963; x_wconf 88' lang='lat' dir='ltr'>tricies</span> <span class='ocrx_word' id='word_1_247' title='bbox 1379 3900 1450 3968; x_wconf 90' lang='lat' dir='ltr'>ter,</span> 
     </span>
     <span class='ocr_line' id='line_1_30' title="bbox 221 4000 1453 4089; baseline 0 -24"><span class='ocrx_word' id='word_1_248' title='bbox 221 4004 379 4065; x_wconf 88' lang='lat' dir='ltr'>omittitur</span> <span class='ocrx_word' id='word_1_249' title='bbox 404 4004 555 4084; x_wconf 87' lang='lat' dir='ltr'>sexagies</span> <span class='ocrx_word' id='word_1_250' title='bbox 580 4004 682 4065; x_wconf 91' lang='lat' dir='ltr'>semel</span> <span class='ocrx_word' id='word_1_251' title='bbox 708 4000 808 4087; x_wconf 89' lang='lat' dir='ltr'>(Uhle</span> <span class='ocrx_word' id='word_1_252' title='bbox 832 4024 864 4084; x_wconf 90' lang='lat' dir='ltr'>p.</span> <span class='ocrx_word' id='word_1_253' title='bbox 893 4002 960 4089; x_wconf 80' lang='lat'>75).</span> <span class='ocrx_word' id='word_1_254' title='bbox 1004 4001 1086 4084; x_wconf 90' lang='lat' dir='ltr'>Sigg</span> <span class='ocrx_word' id='word_1_255' title='bbox 1110 4010 1221 4064; x_wconf 89' lang='lat' dir='ltr'>autem</span> <span class='ocrx_word' id='word_1_256' title='bbox 1245 4022 1277 4083; x_wconf 93' lang='lat' dir='ltr'>p.</span> <span class='ocrx_word' id='word_1_257' title='bbox 1304 4020 1375 4082; x_wconf 84' lang='lat'>430</span> <span class='ocrx_word' id='word_1_258' title='bbox 1395 4003 1453 4065; x_wconf 91' lang='lat' dir='ltr'>de·</span> 
     </span>
     <span class='ocr_line' id='line_1_31' title="bbox 219 4113 1451 4194; baseline 0.002 -20"><span class='ocrx_word' id='word_1_259' title='bbox 219 4115 410 4175; x_wconf 89' lang='lat' dir='ltr'>monstravit</span> <span class='ocrx_word' id='word_1_260' title='bbox 434 4114 523 4194; x_wconf 91' lang='lat' dir='ltr'>apud</span> <span class='ocrx_word' id='word_1_261' title='bbox 549 4113 810 4175; x_wconf 91' lang='lat' dir='ltr'>Demosthenem</span> <span class='ocrx_word' id='word_1_262' title='bbox 835 4114 867 4174; x_wconf 92' lang='lat' dir='ltr'>in</span> <span class='ocrx_word' id='word_1_263' title='bbox 885 4115 1034 4194; x_wconf 85' lang='lat' dir='ltr'>genuinis</span> <span class='ocrx_word' id='word_1_264' title='bbox 1052 4113 1254 4175; x_wconf 90' lang='lat' dir='ltr'>orationibus</span> <span class='ocrx_word' id='word_1_265' title='bbox 1271 4113 1451 4176; x_wconf 90' lang='lat' dir='ltr'>articulum</span> 
     </span>
     <span class='ocr_line' id='line_1_32' title="bbox 220 4222 1451 4304; baseline 0.005 -21"><span class='ocrx_word' id='word_1_266' title='bbox 220 4223 296 4284; x_wconf 89' lang='lat' dir='ltr'>addi</span> <span class='ocrx_word' id='word_1_267' title='bbox 332 4222 394 4284; x_wconf 89' lang='lat' dir='ltr'>hac</span> <span class='ocrx_word' id='word_1_268' title='bbox 430 4224 570 4298; x_wconf 88' lang='lat' dir='ltr'>ratione,</span> <span class='ocrx_word' id='word_1_269' title='bbox 611 4225 704 4284; x_wconf 78' lang='lat' dir='ltr'>ut&#39;si</span> <span class='ocrx_word' id='word_1_270' title='bbox 738 4223 839 4284; x_wconf 91' lang='lat' dir='ltr'>semel</span> <span class='ocrx_word' id='word_1_271' title='bbox 873 4225 1023 4304; x_wconf 89' lang='lat' dir='ltr'>ponitur,</span> <span class='ocrx_word' id='word_1_272' title='bbox 1058 4223 1233 4303; x_wconf 90' lang='lat' dir='ltr'>quinquies</span> <span class='ocrx_word' id='word_1_273' title='bbox 1266 4224 1451 4289; x_wconf 86' lang='lat' dir='ltr'>omittatur.</span> 
     </span>
     <span class='ocr_line' id='line_1_33' title="bbox 220 4330 1452 4418; baseline 0.003 -24"><span class='ocrx_word' id='word_1_274' title='bbox 220 4330 484 4416; x_wconf 85' lang='lat' dir='ltr'>(Accuratiorem</span> <span class='ocrx_word' id='word_1_275' title='bbox 509 4335 788 4415; x_wconf 89' lang='lat' dir='ltr'>computationem</span> <span class='ocrx_word' id='word_1_276' title='bbox 813 4333 888 4394; x_wconf 91' lang='lat' dir='ltr'>vide</span> <span class='ocrx_word' id='word_1_277' title='bbox 912 4332 1001 4414; x_wconf 92' lang='lat' dir='ltr'>apud</span> <span class='ocrx_word' id='word_1_278' title='bbox 1027 4332 1187 4393; x_wconf 86' lang='lat' dir='ltr'>Duncker</span> <span class='ocrx_word' id='word_1_279' title='bbox 1212 4353 1243 4394; x_wconf 95' lang='lat' dir='ltr'>u.</span> <span class='ocrx_word' id='word_1_280' title='bbox 1270 4353 1295 4394; x_wconf 94' lang='lat' dir='ltr'>s.</span> <span class='ocrx_word' id='word_1_281' title='bbox 1323 4353 1355 4414; x_wconf 91' lang='lat' dir='ltr'>p.</span> <span class='ocrx_word' id='word_1_282' title='bbox 1383 4333 1452 4418; x_wconf 90' lang='lat'>16).</span> 
     </span>
    </p>

    <p class='ocr_par' dir='ltr' id='par_1_8' title="bbox 269 4441 1454 4524">
     <span class='ocr_line' id='line_1_34' title="bbox 269 4441 1454 4524; baseline 0.003 -21"><span class='ocrx_word' id='word_1_283' title='bbox 269 4444 380 4504; x_wconf 86' lang='lat' dir='ltr'>Potest</span> <span class='ocrx_word' id='word_1_284' title='bbox 411 4450 521 4504; x_wconf 91' lang='lat' dir='ltr'>autem</span> <span class='ocrx_word' id='word_1_285' title='bbox 546 4442 609 4503; x_wconf 92' lang='lat' dir='ltr'>hoc</span> <span class='ocrx_word' id='word_1_286' title='bbox 634 4443 790 4504; x_wconf 90' lang='lat' dir='ltr'>indicium</span> <span class='ocrx_word' id='word_1_287' title='bbox 810 4444 969 4504; x_wconf 87' lang='lat' dir='ltr'>&#39;inservire</span> <span class='ocrx_word' id='word_1_288' title='bbox 994 4441 1225 4524; x_wconf 90' lang='lat' dir='ltr'>dignoscendis</span> <span class='ocrx_word' id='word_1_289' title='bbox 1250 4444 1406 4524; x_wconf 90' lang='lat' dir='ltr'>genuinis</span> <span class='ocrx_word' id='word_1_290' title='bbox 1433 4465 1454 4507; x_wconf 87' lang='lat' dir='ltr'>a</span> 
     </span>
    </p>
   </div>
   <div class='ocr_carea' id='block_1_3' title="bbox 0 0 1509 5296">
    <p class='ocr_par' dir='ltr' id='par_1_9' title="bbox 0 0 1509 5296">
     <span class='ocr_line' id='line_1_35' title="bbox 0 0 1509 5296; baseline 0 0"><span class='ocrx_word' id='word_1_291' title='bbox 0 0 1509 5296; x_wconf 95' lang='lat' dir='ltr'> </span> 
     </span>
    </p>
   </div>
  </div>
 </body>
</html>
