3008 5296
736 517 758 559 ll

135 692 261 769 fefellit;
296 713 371 754 nam
403 713 476 754 sero
508 692 573 755 vidi
600 693 756 754 maiorem
781 693 955 755 desiderari
981 695 1127 775 peritiam
1153 696 1179 756 si
1206 698 1283 778 quis
1310 695 1360 758 vel

138 823 234 864 unam
267 804 502 866 oratiunculam
534 813 609 885 apte
633 804 711 865 velit
735 825 918 886 exponere,
944 803 1267 889 festinationemque,
1298 828 1361 889 qua

138 921 173 974 ut
198 922 304 975 uterer
328 916 468 975 rationes
493 934 584 975 meae
608 914 834 995 postulabant,
861 915 1003 976 maxime
1022 915 1137 976 obesse
1155 916 1360 979 absolvendo

136 1026 237 1105 operi.
288 1025 457 1086 Hactenus
482 1044 560 1086 vero
584 1026 651 1085 voti
677 1045 814 1106 compos
839 1023 942 1087 sactus
968 1046 1040 1086 sum
1066 1026 1155 1107 quod
1177 1028 1208 1088 in
1228 1029 1360 1090 investi-

137 1135 251 1217 gandis
284 1135 381 1197 rebus
412 1135 454 1196 ad
486 1143 715 1215 argumentum
749 1134 898 1216 opusculi
927 1136 1164 1217 pertinentibus
1189 1135 1257 1198 huc
1282 1138 1360 1199 illuc

136 1246 262 1307 delatus
295 1254 450 1327 expertus
475 1266 548 1307 sum
573 1265 672 1328 quam
696 1266 771 1308 vere
797 1244 1037 1307 Goetheianum
1062 1247 1140 1308 illud
1166 1249 1207 1309 sit
1233 1249 1360 1311 dictum

136 1356 225 1438 quod
250 1356 297 1417 sic
320 1375 420 1417 ausus
445 1376 519 1417 sum
542 1363 685 1417 vertere:

307 1469 354 1525 Εὖ
373 1470 485 1539 βαθὺν
505 1473 694 1541 ἀνθρώπων
714 1478 823 1541 πειρῶ
843 1471 962 1539 βίοτον
983 1473 1175 1541 διερευνᾶν·

301 1578 397 1640 ”Atra
418 1579 504 1634 πάντ’
526 1583 616 1634 ἐστιν
635 1581 803 1652 μελέτης,
822 1588 946 1652 γνῶσις
968 1578 1194 1643 δ’ἀπύλαυσις.

184 1688 287 1769 Igitur
320 1707 539 1770 quamquam,
574 1696 609 1749 ut
640 1687 772 1750 tandem
796 1688 932 1770 praefari
957 1688 1120 1765 desinam,
1147 1689 1270 1772 incepti
1295 1712 1360 1753 non

136 1800 297 1883 poenitet,
324 1798 494 1861 benivolus
518 1800 545 1860 si
570 1800 642 1881 quis
668 1800 727 1861 erit
751 1798 853 1860 lector
878 1800 1048 1862 excusabit
1072 1820 1156 1882 quae
1180 1821 1361 1883 properan-

136 1910 200 1972 tius
226 1910 312 1970 dicta
336 1910 579 1971 existimaverit.
1003 1990 1006 1994 .

184 2019 250 2084 Sed
274 2012 315 2083 ad
340 2040 409 2081 rem
434 2028 653 2096 transeamus,
676 2028 773 2101 atque
790 2021 932 2102 primum
949 2020 1081 2102 quidem
1097 2021 1268 2083 videamus
1287 2026 1361 2106 quis

136 2135 230 2196 fuerit
256 2135 405 2195 Lacritus
431 2135 462 2195 in
487 2154 585 2215 quem
610 2132 690 2195 haec
716 2135 818 2194 oratio
836 2133 994 2219 dirigitur.
1033 2133 1085 2195 De
1102 2153 1168 2215 quo
1184 2135 1256 2196 viro
1274 2156 1361 2217 quae

136 2246 307 2307 traduntur
331 2265 349 2306 e
369 2253 479 2306 nostra
496 2246 641 2306 oratione
657 2244 722 2306 fere
740 2253 870 2326 sumpta
888 2252 980 2320 sunt,
999 2243 1147 2306 videmus
1164 2265 1241 2307 eum
1258 2246 1361 2310 fuisse

137 2355 332 2417 Phaselitam
364 2356 393 2438 (ξ
419 2355 448 2439 1)
481 2363 514 2416 et
546 2355 744 2437 discipulum
777 2355 929 2416 isocratis
962 2352 990 2437 (ξ
1020 2354 1072 2440 15)
1098 2364 1146 2432 et,
1174 2358 1199 2416 si
1225 2359 1361 2439 petitori

137 2467 216 2528 fides
242 2475 291 2528 est
315 2465 480 2541 habenda,
507 2465 688 2547 sophistam
709 2468 965 2547 magistrumque
982 2467 1223 2528 cavillationum
1240 2464 1270 2552 (ᾗ
1288 2472 1360 2553 41).

139 2579 216 2659 Quo
241 2588 389 2661 tempore
414 2579 517 2639 oratio
541 2577 651 2640 habita
675 2587 724 2639 est
749 2578 895 2639 nondum
919 2577 1003 2639 fama
1020 2579 1089 2639 eius
1106 2579 1360 2659 percrebuerat,

137 2711 211 2752 nam
244 2690 389 2771 magistri
421 2687 573 2750 Isocratis
607 2691 738 2750 nomine
770 2690 880 2771 potius
913 2690 1012 2750 utitur
1045 2698 1153 2750 orator
1181 2689 1210 2772 (ξ
1237 2693 1292 2774 15)
1316 2694 1360 2755 ad

137 2803 206 2863 eius
243 2808 378 2874 δεινότητα
413 2799 633 2876 indicandam,
669 2820 767 2881 quam
793 2801 904 2882 ipsius.
953 2799 1040 2861 Inter
1065 2800 1150 2862 illius
1175 2801 1360 2884 discipulos

138 2914 286 2975 Lacritus
317 2911 446 2973 videtur
477 2910 632 2973 nonnulla
663 2912 855 2973 auctoritate
879 2911 1001 2972 fructus
1026 2932 1116 2987 esse;
1143 2932 1209 2993 quo
1234 2912 1359 2976 factum

137 3033 186 3086 est
220 3033 254 3086 ut
286 3025 318 3085 in
350 3023 428 3085 Vita
460 3022 492 3083 X
527 3031 606 3085 orat.
636 3045 668 3104 p.
697 3022 809 3102 837,D
836 3021 955 3083 diserte
979 3024 1163 3084 nominetur
1189 3024 1320 3096 Λάκριτος
1343 3034 1359 3081 ο

137 3142 281 3210 νομοθέτης
304 3136 444 3209 Ἀθηναίας
467 3134 556 3216 quod
573 3135 697 3196 eisdem
714 3135 820 3196 verbis
838 3131 902 3218 (vel
919 3136 1114 3216 νομοθετήσας)
1132 3135 1249 3216 legitur
1265 3136 1358 3216 apud

138 3245 290 3306 Photium
323 3239 419 3327 (Bibl.
445 3266 477 3327 p.
502 3245 613 3328 487a).
665 3245 755 3325 Quid
780 3245 858 3308 illud
883 3254 1028 3321 νομανέτης
1054 3246 1113 3307 sibi
1138 3247 1231 3320 velit,
1258 3246 1357 3326 plane

136 3359 295 3419 incertum
320 3363 379 3417 est.
429 3357 559 3418 Poterat
584 3377 661 3419 sane
686 3360 833 3440 usurpari
858 3380 918 3441 pro
944 3378 983 3420 eo
1008 3357 1098 3439 quod
1115 3365 1164 3418 est
1181 3360 1354 3429 ἀναγραφεὺς

137 3479 188 3525 τον
208 3472 294 3535 νόμον
326 3462 377 3550 (cf.
412 3468 490 3549 LyS.
519 3486 615 3548 30,2;
643 3469 716 3554 28),
743 3470 801 3531 sed
827 3491 908 3552 quas
932 3469 1063 3553 quando
1088 3469 1177 3549 leges
1203 3466 1355 3528 Lacritus

136 3577 277 3639 scribere
300 3580 442 3660 potuerit
467 3600 532 3641 non
556 3579 666 3662 liquet.
716 3578 878 3661 Cogitavit
904 3581 947 3643 K.
975 3581 1011 3642 F.
1041 3580 1208 3641 Hermann
1230 3572 1356 3660 (Ueber

137 3687 270 3765 Gesetz,
305 3687 498 3772 Gesetzgeb.
534 3712 564 3752 u.
591 3701 732 3772 gesetzg.
760 3690 849 3754 Gew.
877 3693 920 3753 im
946 3690 1001 3754 Gr.
1028 3691 1097 3753 Alt.
1145 3688 1234 3751 Ablr.
1261 3688 1292 3749 d.
1321 3688 1354 3751 k.

137 3798 274 3863 Gesells
300 3801 332 3862 d.
361 3800 414 3862 W.
440 3823 478 3862 zu
504 3799 700 3884 Glittingen,
728 3804 831 3881 1850,
858 3825 890 3885 p.
916 3803 978 3878 66,
997 3823 1068 3864 ann.
1093 3801 1167 3886 198)
1186 3801 1354 3861 Lacritum

136 3930 212 3972 cum
238 3909 459 3986 Nicomach0,
479 3913 510 3973 in
527 3932 625 3993 quem
643 3921 749 3973 exstat
769 3913 888 3993 Lysiae
906 3915 1009 3974 oratio
1027 3912 1165 3986 XXXss,
1192 3919 1224 3972 et
1242 3910 1355 3971 Xeno-

135 4022 233 4095 tim0,
268 4040 366 4101 quem
400 4030 636 4084 commemorat
669 4022 769 4084 lsocr.
806 4024 917 4099 18,11,
951 4031 1027 4105 post
1059 4030 1193 4083 exactos
1221 4021 1355 4100 triginta

134 4132 220 4192 viros
246 4128 375 4193 Solonis
400 4140 432 4193 et
457 4133 632 4195 Dracontis
657 4134 747 4215 leges
772 4135 885 4216 populi
911 4136 1001 4196 iussu
1027 4134 1238 4214 excripsisse;
1262 4133 1354 4213 quod

135 4252 374 4319 commentum,
401 4245 587 4326 neglectum
612 4266 631 4307 a
655 4249 730 4308 viris
755 4246 860 4309 doctis
885 4249 940 4330 qui
965 4247 1006 4309 de
1031 4246 1093 4308 hac
1115 4247 1259 4308 oratione
1277 4265 1356 4326 ege·

135 4363 226 4431 runt,
253 4375 318 4416 non
343 4357 483 4417 concinit
508 4377 583 4418 cum
607 4366 755 4440 tempore
780 4379 846 4440 quo
871 4361 973 4422 oratio
998 4359 1107 4420 habita
1131 4366 1193 4434 est,
1220 4357 1261 4418 de
1287 4377 1356 4439 quo

135 4467 214 4529 insra
237 4487 383 4548 agemus.
434 4468 661 4531 Westermann
686 4480 798 4533 contra
822 4482 957 4534 conatur
975 4472 1091 4533 'locum
1110 4470 1277 4533 laudatum
1296 4493 1356 4534 ex·
