3008 5296
662 525 703 587 29

110 700 273 764 Schafero
306 702 444 764 debetur
475 707 557 762 ἔσται.
608 701 662 764 Sic
695 703 859 764 interdum
884 711 960 784 post
984 709 1028 760 ἐάν
1054 723 1081 764 c.
1110 701 1203 764 Coni.
1233 722 1299 763 ser-

48 832 202 873 monem
235 814 381 894 optativo
415 814 613 887 continuari,
650 814 742 892 quasi
776 816 804 870 εἰ
834 813 1046 894 praecederet
1070 812 1298 874 animadvertit

50 921 210 984 Ktihner
236 922 268 982 ll
294 944 327 1003 p.
353 925 467 1002 978‚5.
494 923 532 984 cf.
560 923 645 984 Xen.
674 923 807 1003 Magist.
834 923 920 1004 Equ.
948 938 1014 1000 7‚4.
1062 923 1150 984 Ante
1177 921 1298 985 Schae-

48 1014 173 1094 ferum
206 1032 376 1113 legebatur
406 1039 496 1109 ἔστσ,
526 1033 796 1114 vertebaturque:
825 1033 933 1109 „bona
957 1035 1173 1115 oppignerata
1198 1041 1296 1094 sunto

52 1142 159 1204 salva
196 1142 334 1204 debitori
371 1151 404 1205 et
440 1142 540 1204 libera
575 1143 616 1204 ab
653 1144 742 1204 omni
779 1143 979 1224 obligatione
1012 1163 1097 1224 quae
1129 1151 1240 1204 autem
1280 1162 1298 1203 e

52 1251 238 1332 naufragio
271 1252 396 1334 reliqua
428 1253 511 1314 facta
544 1254 624 1326 sint,
656 1274 694 1315 ea
727 1252 926 1314 creditorum
952 1261 1049 1314 sunto
1075 1252 1295 1315 communia.'’

53 1361 267 1446 (Hfillmann
298 1385 330 1445 p.
366 1380 446 1442 174,
474 1366 530 1445 qui
555 1385 587 1446 p.
619 1363 682 1443 169
707 1372 837 1439 monet,
864 1365 954 1424 navis
980 1372 1012 1424 et
1037 1365 1144 1425 oneris
1169 1365 1296 1445 perieu-

53 1474 137 1534 lum
163 1472 216 1534 hic
241 1474 413 1556 distingui,
441 1473 532 1556 quod
557 1474 656 1536 hodie
681 1494 746 1535 non
771 1475 835 1535 iam
861 1472 937 1557 fiat).

119 1600 172 1645 10.
221 1594 436 1658 κυριώτερον
469 1592 530 1646 cet.
582 1585 620 1646 In
654 1586 864 1666 inscriptione
898 1583 1033 1646 Caueri:
1065 1590 1131 1663 ήσὲ
1151 1592 1297 1661 συγγραφὴ

54 1697 148 1768 κυρία
168 1697 237 1750 ἔστω
257 1700 303 1749 κᾶν
323 1697 399 1758 ἄλλος
421 1700 535 1771 ἐπανέρῃ
555 1698 624 1768 ὑπὲρ
646 1697 806 1767 Νικαρέτας.
832 1694 871 1756 cf.
897 1695 971 1756 Wa.
999 1695 1031 1770 I,
1061 1711 1098 1774 31
1126 1715 1216 1776 seqq.
1244 1695 1294 1768 Π,

60 1821 112 1866 20
148 1823 257 1885 seqq:
291 1814 337 1878 τῆς
370 1808 399 1860 δὲ
429 1815 590 1879 συγγραφῆς
622 1809 702 1878 τῆσδε
733 1807 905 1879 α’νμαλύγησαν
934 1807 1086 1878 'Apte-:noeis
1118 1807 1203 1878 μηθὲν
1233 1805 1298 1859 εἶναι

57 1913 230 1979 κυριώτερον
250 1912 317 1981 μήτε
338 1912 415 1973 νόμον
434 1912 503 1981 μήτε
523 1912 648 1980 ψήφισμα
668 1912 736 1979 μήτε
757 1911 844 1980 δόγμα
864 1913 932 1981 μήτε
953 1911 1105 1980 στρατηγὸν
1126 1913 1194 1980 μήτε
1209 1911 1297 1980 ἀρχὴν

58 2020 136 2073 ἄλλα
166 2021 302 2089 πρινσυσαν
327 2023 343 2090 ἢ
369 2019 403 2071 τὰ
429 2021 455 2072 ἐν
481 2026 522 2090 τῆν
547 2026 700 2090 συγγραφῇ(
725 2021 901 2090 γεγραμμένα
926 2022 994 2090 μήτε
1021 2019 1086 2071 ἄλλα
1118 2018 1203 2089 μηθὲν
1229 2022 1297 2089 μήτε

58 2134 159 2203 τέχνηι
183 2135 252 2202 μήτε
277 2134 439 2200 παρευρέσει
465 2134 607 2201 μηδεμιᾱι,
635 2130 688 2183 ἀλλ’
709 2127 773 2183 εἶναι
793 2137 838 2200 τῆν
858 2133 1015 2202 συγγραφὴν
1036 2129 1067 2183 αὖ
1088 2133 1118 2182 ἂν
1138 2132 1260 2200 ἐπιφέρηε
1282 2132 1296 2181 ὁ

60 2242 188 2302 δανείσας
210 2245 226 2312 ἢ
247 2241 275 2294 αἱ
292 2243 455 2311 πράσσοντες
479 2240 548 2310 ὑπὲρ
569 2241 662 2296 αὐτοῦ.

116 2347 236 2410 Szanto
262 2369 293 2410 u.
320 2368 347 2411 S.
371 2369 403 2429 p.
433 2347 516 2428 236,
543 2347 593 2409 his
618 2347 702 2409 adeo
727 2346 847 2409 diserte
872 2349 991 2409 sanctis
1017 2348 1134 2420 fretus,
1163 2354 1311 2426 compa-‘

60 2479 209 2540 ransque
234 2457 331 2519 huius
356 2459 510 2520 orationis
536 2461 551 2536 ξ
577 2475 640 2537 49,
667 2477 751 2539 quae
775 2459 912 2539 propius
936 2458 1071 2519 accedat
1097 2457 1139 2518 ad
1161 2458 1295 2536 inscrip=

59 2572 209 2644 tionem,
245 2570 413 2631 contendit
446 2570 478 2630 in
511 2578 622 2631 nostra
647 2568 835 2651 syngrapha
860 2569 1013 2630 debuisse
1038 2569 1153 2629 eadem
1179 2567 1294 2629 iisdem

59 2680 176 2743 verbis
201 2679 297 2741 scribi
323 2680 441 2761 quibus
468 2683 483 2758 ξ
510 2699 569 2759 49,
596 2681 705 2761 itaque
730 2678 814 2740 hanc
835 2698 968 2762 quoque
986 2679 1029 2741 ob
1046 2698 1179 2740 causam
1197 2677 1294 2739 fidem

61 2790 254 2872 negandam
279 2810 351 2852 esse
377 2791 594 2873 syngraphae.

116 2899 183 2962 Sed
208 2902 314 2982 primo
340 2900 588 2963 concedendum
610 2901 756 2982 profecto
774 2908 840 2976 est,
860 2901 891 2962 in
909 2900 1173 2981 inscriptionibus
1191 2900 1295 2979 magis

60 3031 226 3093 expresse
250 3010 331 3073 haec
355 3014 452 3073 statui
478 3012 567 3093 quod
593 3032 668 3073 cum
695 3012 791 3088 urbe,
818 3031 884 3072 non
909 3032 985 3073 curn
1011 3012 1137 3092 privato
1163 3009 1295 3071 homine

60 3129 256 3184 contractus
283 3123 398 3197 initur,
426 3131 462 3183 ut
486 3143 585 3203 supra
609 3122 671 3184 alia
695 3122 837 3183 vidimus
864 3122 1016 3183 disertius
1035 3123 1066 3183 in
1083 3121 1179 3182 titulo
1198 3141 1296 3202 quam

61 3235 100 3296 in
126 3240 313 3293 contractus
338 3234 440 3294 nostri
464 3227 603 3294 formula
628 3234 826 3307 constituta;
853 3233 941 3294 etin
966 3232 1036 3293 aliis
1054 3233 1294 3307 instrumentiS,

60 3341 159 3405 velut
175 3341 264 3423 apud
282 3339 397 3404 Gneist
413 3363 444 3424 p.
460 3342 526 3421 468
546 3344 695 3404 videmus
713 3364 818 3424 aeque
831 3344 972 3405 breviter
985 3351 1096 3404 sancta
1109 3351 1137 3420 (ἡ
1153 3350 1297 3418 συγγραφὴ

61 3459 149 3528 κυρία
168 3458 238 3513 ἔστιν
259 3464 415 3532 πανταχοῦ,
450 3455 482 3514 in
514 3461 728 3515 testamento:
755 3460 833 3527 κυρία
854 3458 923 3512 ε”στω
944 3463 960 3532 ἦ
982 3460 1053 3518 δόσις
1077 3466 1128 3511 τῶν
1148 3459 1295 3528 oraora„

63 3562 161 3644 quod
185 3561 227 3623 ad
252 3565 267 3640 ξ
292 3579 337 3642 49
363 3563 520 3643 pertinet:
548 3571 656 3624 orator
677 3563 720 3624 ibi
738 3572 774 3624 ut
791 3562 874 3624 solet
893 3584 993 3644 quarn
1009 3561 1296 3624 vehementissime

64 3676 120 3736 ius
146 3693 242 3734 suurn
267 3692 480 3755 propugnans
506 3693 605 3754 quam
630 3674 831 3754 gravissimis
855 3674 963 3735 verbis
990 3674 1099 3734 utitur.
1141 3672 1295 3733 Alterum

65 3783 261 3865 exemplum
293 3783 452 3845 formulae
483 3784 525 3845 ab
558 3793 687 3845 oratore
719 3793 834 3845 auctae
868 3784 923 3845 dat
954 3784 1035 3863 Lyc.
1064 3784 1180 3845 Leocr.
1213 3797 1293 3859 127:

65 3895 111 3951 καὶ
131 3899 200 3970 λόγῳ
220 3898 262 3952 καὶ
281 3899 353 3972 ἔργῳ
373 3897 415 3952 καὶ
435 3897 508 3972 χειρὶ
527 3897 569 3952 καὶ
588 3879 671 3972 ψήφῳ
688 3914 764 3955 cum
781 3895 813 3955 in
832 3893 1039 3955 iureiurando
1056 3894 1144 3975 apud
1164 3893 1294 3954 Andoc.

67 4002 112 4064 de
138 4003 238 4083 Myst.
267 4019 310 4084 97
338 4004 527 4086 simpliciter
552 4005 697 4086 legatur:
723 4018 805 4064 κτενῶ
826 4015 859 4082 τῇ
878 4011 999 4076 ἐμαυτοῦ
1020 4009 1102 4082 χειρί.
1143 4004 1296 4065 Vidimus

66 4121 197 4188 autern¹
235 4122 270 4176 ut
294 4115 363 4176 iure
388 4113 561 4176 Thalheim
586 4137 618 4196 p.
648 4133 712 4195 342
739 4116 877 4190 indicat,
904 4115 1068 4176 falsarium
1094 4112 1143 4198 (ut
1168 4114 1213 4175 illi
1239 4134 1295 4175 vo-

67 4222 153 4307 lunt)
177 4223 261 4285 adeo
286 4226 427 4305 peritum
452 4225 683 4301 formularum,
711 4234 746 4287 ut
771 4225 925 4287 credibile
950 4245 1015 4286 non
1040 4227 1098 4300 sit,
1126 4224 1187 4286 hac
1213 4225 1244 4285 in
1262 4245 1296 4284 re

68 4354 146 4395 eurn
179 4335 390 4417 neglegenter
422 4345 627 4398 versaturum
660 4337 776 4412 fuisse,
803 4338 829 4398 si
855 4338 1039 4398 necessario
1064 4336 1158 4397 aliter
1183 4336 1296 4396 luisset

68 4445 289 4508 scribendum.
328 4446 440 4508 Verba
458 4455 617 4529 concepta
634 4468 718 4529 quae
737 4448 879 4509 Romani
898 4447 1026 4522 dicunt,
1045 4446 1133 4527 apud
1151 4442 1296 4507 Graecos
