3008 5296
744 521 760 566 2

193 701 242 760 18.
285 704 570 773 διαπράττονται.
605 698 710 781 Saepe
736 701 776 762 de
792 701 960 763 fallacibus
977 701 1289 769 machinationibus.
1307 708 1360 771 vid.

140 809 287 871 Iudicem
314 807 449 870 Relskii.
475 808 533 870 Sed
559 810 597 872 Cf.
624 809 702 888 60,7
715 833 721 872 :
749 815 832 867 πολλὰ
852 813 893 867 καὶ
914 816 1026 884 λαμπρὰ
1046 818 1238 886 διεπράξαντο.

187 923 221 977 οἱ
242 921 438 994 Φασηλῖται.
464 918 517 980 De
535 929 718 983 mercatura
736 920 824 981 urbis
842 919 1021 982 Phaselidis
1039 922 1113 983 vide
1131 922 1243 988 Thuc.
1261 943 1296 1003 2,
1311 927 1360 1007 69,

141 1030 195 1091 ubi
227 1047 325 1090 naves
358 1026 477 1109 longae
509 1028 651 1092 Athenis
685 1033 856 1092 mittuntur
880 1030 922 1091 ad
946 1032 1098 1093 tutandas
1123 1037 1295 1099 onerarias
1319 1045 1362 1095 ἀπὸ

142 1142 285 1216 damtune
307 1139 349 1195 καὶ
371 1140 494 1214 Φοινίκης.
520 1140 629 1202 confer
653 1150 822 1224 praeterea
847 1140 1133 1205 Buchsenschiitz:
1166 1144 1280 1208 Besitz
1306 1147 1362 1209 und

140 1249 289 1324 Erwerb,
321 1247 418 1328 1869.
444 1271 476 1331 p.
503 1268 581 1330 433.
633 1250 758 1313 Notum
783 1260 833 1312 est
858 1271 1011 1332 magnam
1035 1253 1240 1317 advenarum
1263 1257 1364 1319 multi·

138 1359 286 1422 tudinem
318 1379 448 1442 semper
480 1359 621 1423 Athenis
654 1382 725 1423 esse
758 1370 937 1437 versatam,
973 1362 1011 1424 cf.
1043 1362 1084 1424 ib.
1119 1384 1152 1445 p.
1180 1384 1265 1446 443.
1291 1386 1362 1446 444.

138 1471 253 1552 Atque
270 1471 311 1531 de
329 1469 499 1532 Phaselitis
517 1471 650 1551 quidem
668 1472 755 1534 idem
773 1472 929 1534 discimus
944 1493 987 1534 ex
1000 1473 1214 1555 inscriptione
1230 1475 1269 1540 C.
1286 1478 1312 1540 I.
1325 1478 1362 1540 A.

139 1584 190 1658 Il,
216 1600 273 1658 11,
300 1602 399 1663 quam
424 1584 603 1665 exscripsit·
624 1583 1120 1665 Meier-Schoemann-Lipsius:
1148 1585 1208 1648 der
1230 1588 1364 1651 attische

138 1695 289 1768 Proces5,
317 1714 348 1774 p.
376 1692 438 1772 69,
464 1713 537 1755 ann.
565 1708 623 1771 70,
652 1695 705 1756 ubi
732 1704 820 1757 certa
845 1695 926 1756 ratio
952 1681 1177 1772 constituitur,
1197 1700 1365 1780 sequenda

138 1806 170 1866 in
203 1804 314 1874 litibus
347 1803 388 1864 de
412 1810 585 1877 συμβολαίοις
613 1825 697 1886 quae
722 1805 863 1866 Athenis
888 1807 952 1866 sint
976 1806 1054 1867 inita
1079 1825 1155 1867 cum
1182 1807 1363 1873 Phaselitis,
1405 1782 1407 1851 ἶ

139 1915 189 1977 Ita
216 1933 277 1995 34,
305 1914 326 1975 6
352 1913 501 1977 Phoenix
526 1916 678 1997 quidam,
706 1916 785 1977 infra
810 1918 825 1994 ξ
853 1933 893 1995 32
918 1913 1069 1977 Citiensis
1086 1921 1310 1999 argentariam
1326 1922 1364 1983 ibi

137 2027 267 2089 faciunt.
304 2026 405 2106 Quod
429 2028 471 2089 ad
496 2049 565 2090 rem
590 2030 721 2104 attinet,
747 2027 925 2089 tenendum
951 2037 1017 2105 est,
1036 2027 1265 2093 Athenienses
1283 2034 1364 2094 cives

120 2139 272 2207 ,meliore
296 2137 371 2199 loco
396 2147 489 2201 natos
516 2132 669 2201 maluis'se
694 2141 868 2221 pecuniam
893 2139 1021 2201 elocare
1046 2160 1146 2221 quam
1171 2142 1268 2223 ipsos
1286 2164 1364 2205 mer·

138 2259 264 2313 catores
297 2271 414 2333 agere,
450 2272 516 2333 qua
548 2272 600 2327 re,
636 2273 711 2313 cum
744 2253 957 2333 pauperiores
982 2253 1069 2313 cives
1093 2272 1159 2313 non
1186 2255 1268 2317 satis
1295 2255 1362 2317 fidei

137 2360 311 2437 haberent,
338 2361 458 2424 facturn
485 2371 534 2424 est
559 2371 595 2424 ut
619 2371 802 2425 mercatura
819 2363 985 2424 devenerit
1001 2362 1043 2423 ad
1060 2362 1252 2443 inquilinos,
1281 2366 1362 2428 Xen.

138 2473 179 2534 de
213 2472 307 2535 Vect.
344 2491 382 2553 3,
418 2487 436 2550 7
471 2493 497 2536 s.
548 2472 771 2536 Buchsensch.
798 2495 830 2555 p.
859 2487 934 2552 510.
986 2473 1118 2535 Laudes
1143 2473 1363 2539 feneratorum

136 2584 291 2665 leguntur
317 2601 377 2663 34,
409 2597 460 2662 51.

184 2692 357 2771 ὦᾶνδρες
380 2702 547 2755 δικασταί.
597 2694 675 2757 Sola
707 2694 789 2756 haec
821 2694 997 2777 appellatio
1030 2695 1176 2758 iudicum
1201 2698 1364 2761 invenitur

136 2806 168 2868 in
201 2806 347 2868 oratione
380 2814 490 2868 nostra
523 2814 558 2867 ut
591 2807 635 2895 in*
655 2805 891 2868 Demosthenis
924 2807 1124 2868 orationibus
1156 2809 1361 2872 tutelaribus

138 2918 190 2978 De
222 2917 369 2978 formulis
402 2925 513 2979 autem
545 2918 733 2998 alloquendi
767 2916 891 2979 iudices
917 2914 1050 3000 (quibus
1075 2919 1267 2981 attentiores
1294 2921 1363 2983 red-

136 3026 270 3112 duntur)
295 3027 368 3089 vide
394 3025 477 3108 Sigg
501 3023 572 3110 (der
598 3027 767 3089 Verfasser
792 3048 879 3089 neun
902 3027 1076 3109 angeblich
1102 3048 1166 3091 von
1191 3029 1294 3094 Dem.
1317 3014 1364 3093 sur

135 3137 324 3219 Apollodor
348 3136 599 3218 geschriebener
626 3138 752 3199 Reden.
778 3137 888 3216 Jahrb.
915 3138 934 3200 f.
963 3135 1011 3200 Cl.
1039 3137 1156 3200 Philol.
1175 3137 1227 3199 6er
1245 3138 1363 3223 Suppl.

136 3249 173 3310 B.
205 3241 339 3331 1872s3)
373 3268 405 3328 p.
432 3265 518 3327 419,
546 3249 602 3329 qui
627 3248 846 3324 demonstrat,
875 3248 1136 3310 Demosthenem
1161 3246 1212 3332 (ut
1237 3250 1364 3314 Isocra-

135 3368 219 3435 tem,
247 3360 383 3440 Lysiam
408 3367 440 3420 et
467 3358 704 3444 Hyperidem),
732 3380 828 3422 usum
854 3381 926 3422 esse
950 3359 1097 3421 formulis
1121 3358 1173 3421 vel
1199 3359 1246 3434 (ὦ)
1265 3366 1362 3437 ἄνδρες

99 3462 102 3467 .
135 3476 256 3546 Ἀθηναῖοι
279 3469 330 3532 vel
356 3468 401 3544 (ὦ)
423 3475 517 3546 ἄνδρες
541 3464 675 3545 δικασταί,
703 3492 883 3553 numquam
911 3469 960 3555 (ut
980 3470 1194 3557 antiquiores)
1212 3469 1235 3528 ὦ
1250 3477 1364 3548 ἄνδρες,

134 3581 186 3643 vel
212 3578 261 3666 (ut
285 3580 488 3658 AeschineS,
517 3581 716 3667 Dinarchus)
741 3581 915 3658 ω’Ἀθηναῑυι.
949 3583 987 3644 Ιη
1003 3583 1154 3664 genuinis
1172 3581 1256 3665 Sigg
1272 3605 1364 3647 com-

134 3702 228 3775 putat
256 3694 358 3755 semel
383 3693 616 3755 allocutionem
642 3694 775 3755 inveniri
801 3695 833 3755 in
858 3695 1024 3774 quaternis
1049 3694 1283 3776 paragraphis,
1312 3716 1364 3758 ac-

134 3806 277 3866 curatius
303 3825 476 3866 numerum
501 3805 659 3866 subduxit
685 3804 965 3887 Schimmelpseng
989 3826 1021 3886 p.
1050 3821 1110 3884 37,
1137 3804 1229 3886 quod
1247 3809 1365 3869 attinet

133 3916 175 3978 ad
200 3918 341 3999 privatas
366 3918 547 3991 orationeS,
575 3917 698 3978 scilicet
724 3916 825 3977 semel
850 3926 882 3978 et
908 3917 1064 3997 nonagies
1089 3917 1122 3978 in
1148 3932 1214 3995 322
1242 3920 1288 3996 ἐξ.
1327 3918 1364 3980 In

135 4028 285 4088 Lacritea
316 4027 472 4088 allocutio
506 4028 555 4089 bis
580 4037 612 4089 et
637 4030 745 4090 tricies
771 4030 802 4089 in
831 4027 872 4106 56
898 4031 931 4106 ἐξ
957 4029 1108 4089 occurrit.
1152 4027 1256 4090 Vides
1281 4032 1364 4111 quid

135 4139 276 4200 intersit!
328 4139 462 4200 Ponitur
494 4139 670 4220 aliquando
696 4139 834 4201 formula
860 4141 891 4201 in
916 4139 1006 4200 initio
1032 4139 1204 4214 orationiS,
1234 4148 1271 4201 ut
1298 4158 1363 4218 20,

140 4267 173 4325 1;
203 4267 264 4330 32,
296 4267 331 4325 1;
359 4264 396 4327 7,
429 4267 455 4312 1.
496 4251 548 4312 De
572 4249 595 4307 ὦ
622 4252 744 4311 omisso
770 4250 821 4311 vel
846 4250 958 4311 addito
983 4249 1021 4312 cf.
1041 4248 1179 4312 Lobeck
1195 4249 1238 4310 ad
1256 4248 1364 4334 Soph.

133 4362 189 4425 Ai.
213 4375 318 4442 1154,
345 4361 486 4424 Voemel
512 4363 750 4445 Prolegomena
768 4359 988 4423 Grammatica
1004 4361 1046 4422 ad
1064 4360 1161 4423 Dem.
1181 4358 1365 4426 Contiones

140 4476 224 4555 1857
259 4478 274 4554 §
305 4490 385 4557 137;
413 4475 535 4539 Weber
559 4475 600 4538 ad
627 4493 667 4555 23
696 4479 710 4554 ξ
743 4493 805 4556 130
830 4496 862 4557 p.
892 4491 976 4555 392;
1004 4471 1184 4537 Rehdantz.
1212 4472 1323 4537 Index
1350 4475 1365 4539 Ι
