3008 5296
664 569 703 631 33

66 745 169 825 59‚6;
203 744 354 826 Antipho
389 745 439 820 II,
463 751 551 824 δ,5;
587 760 605 822 7
618 768 625 820 ;
661 746 700 820 8;
735 745 773 807 Cf.
808 745 931 808 Weber
956 745 998 807 ad
1026 763 1114 825 23,4.
1140 753 1299 821 σημαίνιιμαι

62 855 155 917 idem
170 855 260 938 quod
273 860 468 931 oppayctnnae,
482 854 520 917 cf.
539 854 634 930 28,6;
651 854 771 934 33,36;
787 863 819 916 et
832 853 967 917 Suidam
980 876 1005 918 s,
1019 877 1049 918 v.
1064 862 1297 932 compausatur·

62 966 166 1048 plura
188 964 350 1027 vocabula
375 963 432 1026 dat
457 964 576 1026 Pollux
603 967 692 1043 8,27.

116 1077 203 1138 Rem
235 1078 262 1138 si
287 1084 491 1157 spectamus,
519 1076 594 1136 inde
619 1052 709 1157 quod
736 1075 885 1136 Laeritus
911 1077 1146 1157 conscripsisse
1163 1085 1297 1158 pactum

62 1187 188 1249 dicitur
216 1207 281 1248 non
309 1187 473 1267 sequitur,
509 1206 584 1247 eum
609 1207 645 1247 se
669 1186 852 1267 obligasse;
878 1187 1039 1267 scriptura
1063 1189 1149 1248 enim
1176 1186 1297 1249 nullius

62 1306 137 1359 erat
167 1297 324 1358 momenti
350 1292 479 1379 (Gneist
503 1295 594 1380 448).
646 1293 841 1376 Obsignatio
866 1295 900 1356 fit
925 1316 966 1357 ne
990 1296 1069 1377 quid
1095 1305 1239 1358 mutetur
1265 1298 1297 1358 in

62 1407 275 1488 syngrapha,
303 1405 482 1487 impletque
507 1414 637 1467 nostrae
662 1405 910 1486 subscriptionis
934 1407 1059 1482 vicem;
1085 1409 1218 1468 testium
1241 1407 1298 1469 ob-

63 1519 286 1599 signationem
312 1516 440 1578 solitam
465 1516 564 1577 fuisse
589 1524 687 1597 negat
712 1515 827 1577 Gneist
851 1537 883 1598 p.
910 1535 995 1596 449,
1023 1519 1178 1598 quoniam
1204 1538 1245 1579 ne
1266 1519 1297 1579 in

62 1629 272 1690 testamentis
305 1627 437 1708 quidem
464 1629 622 1702 occurrit,
650 1635 685 1688 ut
714 1628 860 1708 sequitur
885 1648 928 1688 ex
953 1641 1074 1706 45‚11;
1108 1645 1165 1704 123
1191 1649 1298 1711 neque

64 1741 99 1801 in
125 1738 310 1820 aperiendis
335 1737 555 1798 contractibus
580 1737 632 1798 vel
653 1738 856 1799 testamentis
873 1739 955 1799 ratio
972 1736 1111 1799 habetur
1128 1740 1298 1820 signorum

63 1871 85 1912 a
117 1849 258 1910 testibus
288 1850 522 1929 impressorum
548 1849 669 1925 48,48;
696 1864 820 1926 41,21;
849 1849 1022 1929 Perperam
1048 1849 1140 1910 locus
1164 1851 1299 1910 vertitur

64 1969 100 2022 et
133 1981 154 2021 a
184 1961 255 2021 viro
288 1959 319 2020 d.
354 1959 394 2019 de
428 1958 525 2019 Vries
559 1956 613 2041 (de
646 1958 708 2020 fen.
739 1967 826 2020 naut.
853 1968 1021 2020 contractu
1048 1959 1148 2043 1842)
1174 1981 1206 2041 p.
1236 1978 1296 2040 29:

66 2091 169 2147 „cum
188 2068 453 2133 contrahentibus
471 2071 651 2130 contractui
668 2068 903 2146 srrbscripszlrse’'
922 2078 954 2130 et
970 2069 1011 2130 ab
1029 2069 1072 2130 A.
1093 2068 1245 2132 Schaefer
1266 2072 1298 2132 in

62 2180 267 2262 Appendice
292 2201 324 2262 p.
353 2183 437 2259 287:
468 2181 639 2256 „Laeritus
664 2179 762 2240 nahm
788 2199 828 2240 an
846 2178 904 2240 der
921 2179 1123 2261 Verfassung
1141 2180 1199 2242 des
1216 2182 1298 2243 Ver-

60 2302 178 2373 tragcs
203 2290 340 2353 Antheil
367 2293 433 2354 und
461 2289 691 2371 untersiegelte
712 2288 768 2351 ihn
786 2289 885 2365 mit;’'
903 2311 978 2351 nam
997 2282 1091 2371 signa
1108 2292 1298 2373 imprimun-

60 2413 120 2465 tur
147 2402 302 2463 exteriori
328 2405 428 2485 parti,
455 2411 488 2464 et
513 2401 710 2482 subscriptio
734 2421 786 2481 ap.
812 2409 938 2462 veteres
964 2402 1076 2481 ignota
1100 2410 1159 2464 est.

118 2527 148 2592 5,
198 2517 361 2584 μειράκια
381 2519 505 2587 κομιδῇ
528 2531 593 2573 non
618 2510 660 2572 ad
683 2509 821 2572 verbum
846 2531 919 2571 esse
943 2512 1170 2592 accipiendum
1187 2533 1245 2594 per
1262 2535 1298 2574 se

58 2633 174 2708 patet,
202 2643 279 2684 cum
306 2621 487 2684 Phaselitae
512 2642 571 2703 per
594 2629 697 2682 totam
720 2622 901 2682 orationem
919 2642 984 2683 non
1001 2622 1147 2703 profecto
1167 2633 1202 2685 ut
1218 2645 1298 2705 pue-

61 2735 130 2798 ruli
154 2742 271 2815 agant;
298 2734 336 2796 cf.
364 2735 461 2795 Dem.
491 2735 590 2810 21,78
617 2733 658 2794 de
675 2753 710 2793 se
727 2730 817 2813 ipso:
837 2739 883 2798 τὰς
901 2737 972 2798 δίκας
988 2737 1086 2810 ἔλαχον
1101 2746 1153 2792 τῶν
1167 2740 1298 2812 πατρῴων

59 2853 120 2910 τοῖς
149 2851 302 2918 ἐπιτρόποις
330 2848 513 2919 μειρακύλλιον
540 2852 575 2901 ὢν
600 2850 694 2918 κομιδῇ
703 2892 710 2919 ,
742 2844 832 2926 quod
857 2844 987 2906 duobus
1011 2846 1103 2906 annis
1128 2854 1203 2927 post
1228 2849 1297 2909 eius

59 2955 274 3040 pubertatem
299 2954 419 3016 factum
444 2962 494 3015 est
518 2951 574 3036 (A.
602 2951 765 3016 Schaefer.
792 2954 835 3016 D.
863 2976 894 3016 u.
913 2976 938 3016 s.
958 2950 1059 3017 Ζείῒ.ὓ
1076 2956 1101 3018 Ι.
1121 2977 1152 3038 p.
1174 2958 1238 3035 287
1257 2958 1295 3042 s).

116 3066 148 3128 6.
198 3073 457 3142 μέγαπρᾱγμα.
497 3064 623 3126 Herod.
653 3081 772 3143 3‚I32:
798 3071 827 3140 ἦν
841 3069 869 3121 δὲ
883 3073 1003 3139 μέγιστον
1016 3078 1128 3141 πρῆγμα
1143 3074 1294 3144 Δημοκήδης

60 3184 143 3252 παρὰ
170 3181 286 3251 βασιλέι,
322 3175 376 3237 ubi
409 3174 500 3237 Stein
534 3196 576 3236 ex
610 3176 744 3236 comicis
778 3176 872 3237 citat:
901 3181 1029 3251 ῥαγδαῖος
1052 3180 1160 3254 ἄμαχοι
1184 3188 1297 3253 πρᾶγμα

60 3292 160 3357 μεῖξιν
179 3293 195 3360 ἢ
217 3292 317 3361 δοκεῖς,
337 3294 386 3347 et:
405 3291 431 3344 εἰ
442 3294 570 3363 δ’ἐγένετο
585 3289 659 3362 Isari)
673 3294 736 3362 γυνὴ
752 3290 853 3362 Μήδεια
867 3291 1028 3362 Πηνελόπεια
1043 3291 1072 3344 δὲ
1083 3292 1159 3363 Μέγα
1174 3300 1296 3366 πρᾶγμα.

62 3395 169 3459 Adde
194 3396 280 3459 Xen.
307 3394 429 3479 Cyrop.
456 3396 589 3477 6,1,36;
615 3397 675 3460 Ar.
704 3397 830 3460 Eccles
858 3417 942 3476 441:
967 3404 1177 3474 γυναῖκαδέῖναι
1193 3411 1296 3478 πρᾶγμ’
1345 3392 1348 3396 ’

60 3515 120 3582 ἔφη
146 3513 328 3583 νιιυβυπτικόν,
364 3508 446 3570 Plut.
483 3508 601 3570 Moral.
633 3527 691 3585 141
722 3506 766 3570 C:
793 3513 900 3586 ἄμαχον
920 3521 1033 3584 πρᾶγμα
1047 3517 1151 3586 γαμετὴ
1172 3518 1236 3587 γυνὴ
1255 3514 1297 3570 καὶ

62 3625 189 3687 νόμιμος.
238 3616 376 3700 Saepius
401 3629 498 3695 χρῆμα
523 3621 567 3681 ita
592 3627 784 3700 usurpatur:
810 3619 884 3681 vide
904 3619 1045 3701 Blaydes
1062 3622 1104 3684 ad
1123 3622 1237 3685 Nubes
1257 3640 1294 3698 2,

63 3729 161 3792 Aves
188 3728 265 3792 826.
