3008 5296
135 971 190 1032 19.
239 957 379 1017 πλείους
402 959 668 1029 ἤ--ἡμέμας,
725 953 775 1015 Ita
807 961 912 1020 πλείους
924 1005 931 1030 ‚
963 975 1162 1037 quamquam
1186 956 1305 1027 rarius,

76 1064 207 1144 legitur
237 1060 376 1142 19‚266;
406 1074 516 1140 22‚35.

133 1173 268 1254 Negant
297 1170 402 1234 Cobet
426 1169 482 1255 (N.
510 1171 548 1234 L.
575 1194 607 1254 p.
633 1174 714 1256 478)
739 1182 771 1237 et
797 1153 999 1238 Herwerd'en
1024 1174 1153 1260 (Studia
1177 1175 1309 1256 Thucy-

79 1284 185 1345 didea
208 1304 241 1365 p.
267 1300 328 1364 90,
357 1283 520 1344 Mnemos
546 1282 650 1360 VIII,
682 1285 758 1367 184)
782 1306 880 1368 posse
904 1293 922 1362 ἤ
948 1286 1079 1364 abesse,
1106 1286 1196 1368 quod
1226 1286 1309 1348 affir-

81 1402 233 1456 maverat
258 1393 394 1456 Lobeck
418 1393 458 1454 ad
485 1392 604 1473 Phryn.
630 1415 662 1476 p.
688 1413 774 1473 411,
800 1397 863 1460 alii.

138 1522 191 1567 21.
241 1509 474 1578 περιεπάτουν
493 1508 526 1559 ἐν
546 1513 588 1579 τῷ
609 1509 777 1579 δείγματι.
818 1513 916 1581 Δεῖγμα
948 1509 1097 1589 (recurrit
1125 1507 1237 1588 50,24)
1262 1528 1310 1569 se-

85 1615 234 1678 cundum
261 1614 423 1694 Harpocr.
449 1632 474 1674 s.
500 1634 549 1675 v.:
576 1616 672 1686 κυμίως
694 1616 741 1683 μὲν
761 1619 792 1670 τὸ
813 1618 973 1686 δεικνύμενον
993 1618 1037 1692 ἀφ’
1057 1622 1168 1674 ἑκάστου
1189 1630 1240 1676 τών
1259 1642 1310 1673 πιν-

86 1731 221 1795 λουμένων
253 1725 314 1806 (sic
346 1743 374 1784 e.
409 1743 436 1783 c.
468 1722 511 1784 D.
543 1722 657 1802 18,29;
690 1740 806 1803 19‚12;
835 1727 979 1806 21‚183;
1007 1739 1149 1806 23,175,
1177 1725 1218 1788 de
1243 1748 1310 1807 quo

86 1836 264 1919 peculiaris
290 1834 388 1895 dictio
413 1841 463 1895 est
487 1839 581 1904 δεῖγμα
602 1839 740 1908 ἐκφέρειν)·
760 1840 810 1910 ἤδη
830 1839 859 1891 δὲ
879 1837 920 1893 καὶ
941 1843 1020 1901 τόπος
1045 1861 1080 1901 τις
1097 1843 1174 1913 ἐντῷ
1190 1841 1311 1913 Ἀθήνησιν

88 1949 224 2029 (imm0,
250 1946 325 2008 alibi
350 1964 501 2026 quoque:
528 1943 656 2020 Rhodi,
684 1943 817 2022 Olbiae,
845 1946 960 2008 Bockh
978 1947 993 2008 I
1013 1961 1066 2027 75.
1092 1946 1310 2009 Wachsmuth

88 2059 146 2120 die
172 2056 266 2119 Stadt
290 2054 370 2118 Ath.
398 2054 431 2116 ΙΙ
463 2053 574 2134 106,I)
598 2061 718 2131 ἐμπορίῳ
738 2059 775 2120 εἰς
797 2063 825 2114 ὃν
845 2063 879 2114 τὰ
899 2062 1029 2132 δείγματα
1048 2064 1196 2128 ἐκομίζετο.
1222 2058 1311 2122 Usus

89 2169 192 2250 igitur
224 2167 328 2242 idem,
363 2167 418 2248 qui
451 2166 593 2227 occurrit
617 2165 649 2226 in
674 2165 743 2227 aliis
768 2165 912 2229 fororum
937 2168 1139 2244 nominibus,
1166 2168 1255 2230 velut
1279 2174 1312 2226 τὰ

89 2284 192 2354 ἄλφιτα
225 2279 283 2341 Ar.
319 2278 405 2358 Equ.
441 2278 506 2355 857
540 2276 591 2360 (cs.
619 2276 746 2338 Becker
771 2268 957 2354 Charikles,
984 2277 1035 2341 ed.
1062 2277 1137 2340 Goll
1168 2280 1251 2357 1878
1279 2280 1310 2340 11

94 2390 176 2470 198)
201 2410 299 2470 quem
324 2389 436 2451 imitati
463 2395 538 2448 sunt
563 2385 710 2448 Catullus
739 2400 815 2466 55,4
839 2388 907 2472 (ubi
932 2411 962 2451 v.
982 2388 1159 2470 Baehrens)
1176 2398 1209 2450 et
1226 2391 1312 2451 Mar-

88 2500 177 2562 tialis
207 2501 326 2578 5,20,8.
378 2499 431 2559 De
455 2497 518 2559 hoc
542 2496 690 2559 aedificio
715 2497 753 2560 cf.
773 2496 990 2561 Wachsmuth
1007 2500 1072 2581 (die
1090 2498 1183 2562 Stadt
1200 2499 1312 2562 Athen

89 2610 170 2692 cet.)
203 2611 217 2670 1
254 2628 329 2690 323.
381 2607 516 2669 Constat
545 2609 627 2668 intra
651 2608 834 2688 emporium
858 2607 956 2670 fuisse
987 2629 1091 2691 prope
1116 2611 1212 2671 maris
1237 2610 1312 2672 litus

89 2721 193 2804 (Xen.
221 2720 309 2782 Hell.
340 2720 479 2800 5‚1,21),
507 2717 547 2779 de
572 2717 646 2778 loco
671 2738 748 2779 vero
773 2718 948 2800 ambigitur
964 2739 1163 2802 quamquam
1181 2730 1230 2782 est
1245 2722 1312 2783 veri
1347 2700 1349 2704 ¹

90 2830 199 2893 simile
223 2839 318 2906 δεῖγμα
343 2850 415 2892 esse
440 2832 471 2891 in
496 2849 632 2891 numero
657 2830 801 2913 quinque
822 2830 949 2892 illarum
966 2833 1152 2912 porticuum
1169 2852 1253 2915 quae
1270 2853 1312 2893 ex

91 2943 220 3024 optimo
252 2941 340 3003 fonte
369 2948 666 3002 commemorantur
697 2959 717 3000 a
741 2938 915 3002 scholiasta
938 2941 980 3002 ad
1004 2942 1064 3004 Ar.
1090 2942 1207 3003 Pacem
1238 2956 1311 3022 145.

90 3053 137 3117 A.
172 3052 304 3115 Schafer
336 3053 447 3135 (Dem.
482 3073 513 3113 u.
548 3072 572 3113 S.
600 3051 635 3112 Z.
663 3051 713 3112 111
739 3051 894 3133 Append.
922 3074 952 3115 u.
978 3052 1019 3134 S.)
1042 3055 1154 3116 vertit:
1180 3054 1310 3130 Boram

90 3165 194 3240 bene,
229 3183 445 3246 quamquam,
476 3164 502 3224 si
535 3162 628 3224 audis
651 3163 738 3224 viros
764 3163 850 3225 doct.
877 3163 1094 3227 Wachsmuth
1120 3174 1152 3227 et
1176 3166 1311 3249 Bursian

91 3274 229 3358 (Geogr.
255 3297 284 3337 v.
311 3273 367 3336 Gr.
395 3273 409 3334 I
433 3273 530 3358 266),
549 3273 718 3355 spatiando
735 3274 941 3355 potissimum
959 3276 1151 3338 inserviebat
1168 3274 1219 3361 (cf.
1238 3276 1311 3339 loco

91 3396 206 3450 nostro
231 3384 429 3471 περιεπάτουν).
479 3385 576 3446 Potes
601 3385 698 3465 igitur
721 3394 847 3447 vertere
873 3385 1066 3467 „passage’'.

142 3497 238 3559 Plura
263 3495 384 3558 dabunt
409 3494 626 3558 Wachsmuth
652 3495 666 3556 I
692 3516 724 3577 p.
756 3494 819 3558 106
844 3517 869 3559 s.
919 3497 1046 3559 Becker
1071 3518 1102 3561 u.
1128 3518 1153 3560 s.
1180 3497 1309 3576 176,2,

92 3607 129 3671 11
159 3625 232 3688 192.

143 3736 196 3782 22.
246 3723 333 3784 ὅπως
356 3722 400 3781 ἂν,
435 3719 627 3794 Buttmann,
663 3717 734 3780 Ind.
768 3718 808 3780 ad
840 3719 1018 3781 Midianam
1043 3741 1068 3781 s.
1093 3741 1124 3782 v.
1150 3720 1309 3802 explicat:

93 3836 189 3910 „chrm
211 3834 241 3887 ἄν
266 3852 293 3893 c.
320 3828 421 3892 Coni:
456 3838 509 3906 ut;
543 3831 587 3891 ita
620 3837 655 3890 ut
687 3834 716 3887 ἄν
744 3830 902 3892 incertum
927 3833 972 3893 rei
997 3840 1149 3894 eventum
1174 3832 1310 3894 indicet:

92 3950 148 4017 ut,
174 3940 201 4002 si
226 3939 293 4003 fieri
318 3939 454 4023 possit.’'
738 3941 739 3944 ’

144 4069 197 4130 24.
247 4057 447 4127 ὡμολόγουν
476 4076 513 4109 τε
542 4053 596 4109 καὶ
623 4055 750 4126 ἔλεγον.
800 4051 910 4114 Dictio
942 4073 1007 4114 non
1041 4052 1145 4114 differt
1176 4052 1216 4115 ab
1250 4074 1310 4116 usu

93 4164 340 4229 Demosthenis.
390 4165 491 4227 Amat
524 4164 610 4226 enim
644 4162 697 4225 ille
729 4163 841 4247 (Dion.
878 4166 953 4228 Hal.
988 4165 1029 4227 de
1053 4165 1166 4228 admir.
1192 4167 1222 4227 vi
1249 4165 1310 4228 dic.

96 4278 154 4358 58)
177 4276 351 4339 verborum
376 4276 640 4338 cumulationem.
691 4274 745 4338 Sic
769 4280 874 4349 φάσκειν
894 4279 935 4333 καὶ
956 4281 1092 4352 ὁμολογεῖν
1118 4277 1206 4357 8‚35.
1236 4277 1313 4338 Alia

93 4388 249 4470 exempla
271 4388 346 4450 vide
369 4409 420 4470 ap.
449 4387 556 4450 Rehd.
584 4387 655 4450 Ind.
682 4387 707 4451 Ι.
735 4388 969 4468 Erweiterung.

145 4501 198 4564 26.
247 4503 588 4575 πεντηκοστεύονται.
636 4499 767 4562 Bekker
798 4498 926 4561 Anecd.
953 4498 967 4559 Ι
996 4515 1115 4579 297‚21
1139 4511 1192 4557 τῶν
1211 4502 1311 4576 εἰσαγο·

1181 4622 1211 4686 4*
