2978 5326
804 481 847 542 42

209 675 294 737 quae
318 655 509 719 affirmative
534 658 620 719 dicta
640 659 849 739 praecedunt.
877 660 915 722 cf.
937 678 1079 738 24‚104;
1100 679 1167 724 200
1185 672 1246 726 cet.
1265 672 1297 725 et
1316 664 1443 727 Straub

209 765 276 847 (De
300 768 403 848 tropis
429 767 505 853 cet.)
530 789 562 850 p.
595 780 668 847 125.

258 894 288 956 3,
337 881 425 943 μετὰ
445 880 479 933 δὲ
500 886 618 940 ταῦτα.
644 878 734 940 Alibi
759 885 829 950 μετὰ
859 889 945 938 ταῦτα
976 888 1021 943 de':
1054 882 1327 964 I9,156;20,23;
1354 903 1441 965 1393

214 986 330 1063 18‚80;
362 1000 470 1065 14‚15.
614 981 616 987 ⁴

255 1115 286 1174 4.
336 1100 528 1169 ἐλεύθεραι
555 1097 636 1158 nulli
657 1098 727 1160 allii
748 1098 897 1178 obligata.
924 1101 963 1162 ci.
986 1099 1122 1165 Salmas.
1150 1103 1192 1165 de
1210 1104 1316 1166 Modo
1337 1106 1439 1168 Usur.

208 1227 240 1288 P·
271 1221 345 1286 505.

257 1339 289 1395 4.
340 1319 402 1380 Pro
439 1323 587 1392 ὀφείλοντες
627 1321 753 1382 conicio
791 1326 980 1396 ἐναφείλαντες.
1032 1322 1117 1384 Nam
1156 1332 1264 1385 utrum
1302 1346 1360 1386 aes
1395 1326 1440 1387 illi

207 1427 349 1489 alienum
375 1430 614 1491 contraxissent
638 1430 717 1492 nihil
741 1432 783 1493 ad
807 1452 876 1492 rem
901 1441 986 1508 erat;
1013 1433 1077 1495 hoc
1101 1442 1228 1497 tantum
1245 1438 1319 1497 sciri
1338 1458 1440 1518 opor-

207 1539 313 1613 tebat,
348 1540 379 1600 in
404 1541 523 1621 pignus
554 1561 619 1603 non
645 1562 717 1603 esse
742 1543 857 1604 initum
882 1563 1005 1605 novum
1030 1553 1244 1608 contractum.
1296 1548 1440 1628 Legitur

206 1652 347 1719 ἐνοφείλειν
372 1669 452 1729 49,4
458 1664 472 1729 5
487 1672 494 1725 ;
524 1664 634 1730 5310.
685 1652 886 1734 Praepositio
907 1659 934 1710 ἐν
949 1690 993 1698 -
1010 1654 1102 1716 facile
1119 1664 1195 1737 post
1211 1659 1289 1713 αὐαέα
1305 1666 1439 1738 poterat

207 1757 348 1839 neglegi.
398 1758 452 1821 Sic
486 1760 617 1822 Bekker
643 1762 722 1843 Lys.
754 1780 851 1844 19,32
881 1765 1040 1845 probante
1066 1763 1222 1842 Scheibe,
1248 1771 1439 1841 ἐναφεῖλεσααι

207 1870 355 1932 coniecit.

770 2321 785 2395 ξ
813 2333 866 2379 22.

257 2552 288 2615 7.
337 2538 435 2594 οὗτοι
464 2540 500 2593 δὲ
528 2541 566 2594 τί
588 2543 770 2612 &notham
805 2536 902 2598 Tales
936 2538 1206 2618 interrogationes
1232 2538 1263 2599 in
1289 2536 1437 2599 medium

210 2667 342 2708 cursum
375 2649 529 2709 orationis
562 2647 758 2723 incidenteS,
793 2647 913 2709 faciunt
946 2656 981 2709 ut
1005 2668 1100 2709 aures
1124 2649 1266 2729 arrigant
1291 2648 1437 2724 iudices;

210 2777 276 2819 non
300 2758 386 2818 enim
411 2757 607 2820 adhibentur
628 2757 670 2820 ad
696 2757 927 2820 sciscitandum
953 2758 1012 2819 sed
1037 2766 1072 2819 ut
1096 2757 1323 2820 vehementius
1353 2758 1439 2819 affir-

210 2876 309 2931 ment.
360 2873 523 2940 Πααματαὸν
554 2877 666 2930 autem
698 2882 791 2947 σχῆμα
824 2867 921 2949 quale
953 2866 1007 2928 hic
1038 2868 1206 2943 videmus,
1234 2869 1288 2931 ubi
1314 2870 1439 2930 iustum

210 2999 405 3060 responsum
430 2981 595 3061 sequitur,
622 2999 688 3041 non
711 2980 845 3061 proprie
869 2987 918 3040 est
944 2980 1155 3061 interrogatio
1180 2978 1342 3040 rhetorica
1364 2978 1437 3054 illa,

211 3092 242 3152 in
268 3112 333 3173 qua
357 3091 484 3153 multus·
505 3100 554 3154 est
580 3091 840 3166 Demosthenes,
867 3091 923 3171 qui
948 3091 1146 3152 brevissimis
1165 3091 1439 3171 paucissimisque

209 3202 317 3264 verbis
350 3222 449 3284 saepe
474 3202 738 3284 indignabundus
763 3202 984 3263 adversarium
1010 3201 1150 3262 refutans
1175 3200 1319 3282 appellat
1344 3202 1438 3281 quasi

210 3313 251 3375 ad
277 3334 409 3376 sensum
434 3335 645 3376 communem
671 3314 826 3376 iudicum.
846 3313 884 3375 cf.
909 3313 1025 3390 18,47;
1049 3330 1130 3392 139;
1152 3327 1295 3390 21,217;
1320 3325 1437 3391 19,50;

213 3423 336 3504 23‚162
370 3433 432 3487 cet.
483 3425 606 3486 Nostro
639 3424 715 3486 loco
748 3424 869 3485 similes
895 3431 971 3485 sunt
996 3422 1050 3484 ubi
1075 3443 1134 3504 per
1157 3429 1189 3480 τί
1203 3426 1249 3480 οὖν
1274 3421 1439 3483 inducitur

211 3537 441 3618 interrogatio,
468 3536 602 3617 dequo
628 3555 748 3615 genere
767 3535 843 3596 vide
868 3533 989 3595 Dissen
1013 3532 1056 3594 ad
1086 3533 1226 3611 18‚177;
1255 3531 1370 3595 Stallb.
1397 3531 1438 3594 ad

211 3645 258 3709 Pl.
293 3646 334 3708 de
366 3646 449 3728 Leg.
483 3646 550 3722 VI,
586 3647 652 3725 718
687 3643 724 3708 C.
775 3642 881 3726 Saepe
913 3664 972 3725 per
996 3642 1080 3705 hanc
1105 3641 1278 3704 formulam
1303 3641 1355 3705 vel
1380 3663 1439 3724 per

211 3761 253 3814 διὰ
282 3763 313 3816 τί
340 3753 397 3839 (D.
433 3773 506 3837 2,3;
544 3770 621 3835 5,24
654 3754 694 3841 s.)
727 3775 840 3816 secum
869 3755 939 3836 ipse
964 3755 1082 3834 agitat,
1109 3773 1194 3835 quae
1220 3773 1319 3814 causa
1343 3752 1440 3814 fuerit

172 3936 174 3940 ,
211 3887 326 3929 eorum
351 3888 435 3949 quae
460 3867 560 3928 modo
585 3866 774 3940 affirmavit,
794 3865 884 3947 quod
901 3885 1006 3945 genus
1025 3862 1271 3940 „ratiocinatio”
1290 3870 1437 3925 vocatur.

212 3978 251 4040 cf.
285 3979 360 4040 Fox
391 3978 432 4040 ad
467 3977 558 4041 Orat.
592 3998 653 4060 pro
688 3975 856 4057 Megalop.
897 3979 912 4054 ξ
942 3991 980 4036 12
1007 3982 1039 4036 et
1064 3973 1105 4036 de
1130 3975 1284 4054 interrog.
1312 3974 1343 4035 in
1370 3975 1439 4034 uni-

210 4110 342 4152 versum
368 4088 487 4152 Straub
513 4088 580 4173 (De
605 4089 723 4172 Tropis
749 4085 825 4174 cet.)
849 4108 881 4169 p.
908 4105 950 4167 93
978 4106 1021 4148 ss.

259 4219 290 4280 9.
340 4205 626 4277 ἐξαπατήσαντες
655 4208 696 4265 ὡς
725 4202 824 4256 οὐδὲν
850 4202 1151 4276 ὀφείλοντεςεβῐν
1165 4195 1327 4272 fraudem
1352 4193 1439 4276 affir-

212 4320 334 4373 mantes
367 4332 400 4373 se
436 4310 518 4372 nihil
549 4310 667 4375 debere.
718 4308 771 4372 Sic
804 4313 939 4372 ἐξαπατᾶν
975 4309 1011 4372 ὠς
1047 4306 1167 4388 legitur
1200 4307 1280 4386 LyS.
1320 4320 1437 4385 13,70;

213 4424 311 4487 Dem.
340 4440 459 4506 23,92;
485 4428 525 4484 ἐέ.
547 4427 586 4479 ὅτι
605 4422 682 4484 Arr.
708 4421 816 4483 Anab.
845 4437 952 4501 3,2,4;
980 4419 1027 4481 Pl.
1054 4419 1184 4500 Protag.
1213 4432 1277 4497 323
1305 4416 1356 4492 A,
1384 4417 1439 4477 ubi
