3008 5296
641 547 765 589 ,vl

53 810 56 816 .
136 729 264 802 captam
297 715 341 783 a⁰.
377 723 442 801 348
477 721 603 784 deletae
636 732 711 785 sunt
740 724 850 805 (Dem.
877 725 969 805 9,26)
994 745 1059 786 non
1084 735 1210 788 constat
1235 727 1289 809 (cf.
1317 727 1360 790 A.

137 830 298 894 Schaefer.
334 832 431 894 Dem.
467 853 497 894 u.
532 854 556 894 s
588 828 745 896 Zeit.²11
770 855 802 916 p.
830 847 910 913 154,
936 856 1009 897 ann.
1038 835 1088 917 2);
1114 837 1253 919 alioqui,
1282 858 1360 899 cum

17 1012 21 1028 ι
137 940 368 1004 Chalcidenses
401 963 485 1004 anno
512 942 644 1005 demum
672 940 754 1023 352⁰
778 965 892 1026 pacem
918 945 1051 1007 fecerint
1075 967 1151 1008 cum
1175 947 1361 1016 Athenien-

137 1053 243 1128 sibuS,
278 1053 353 1114 huic
385 1073 470 1115 anno
494 1054 545 1115 vel
570 1055 722 1135 proxime
747 1055 958 1136 sequentibus
983 1056 1178 1136 assignanda
1201 1066 1270 1119 erat
1298 1059 1361 1120 La-

136 1165 244 1225 critea.
294 1163 438 1227 Ultimus
470 1165 627 1226 terminus
656 1164 698 1226 ad
722 1185 821 1246 quem
847 1164 1045 1228 descendere
1069 1176 1179 1248 potest
1203 1169 1360 1230 orationis

136 1283 266 1356 tempus
299 1283 349 1336 est
380 1295 482 1337 annus
513 1287 627 1355 34oU⁵;
654 1297 729 1338 narn
756 1276 916 1339 Isocrates
941 1276 1049 1338 adhuc
1074 1278 1202 1340 vivebat
1226 1279 1254 1361 (ᾗ
1280 1282 1360 1359 41)·;

137 1387 192 1468 qui
228 1394 304 1467 post
339 1407 485 1468 pugnam
519 1385 783 1448 Chaeronensem
817 1396 957 1448 mortem
990 1388 1049 1448 sibi
1083 1389 1240 1450 conscivit
1272 1410 1361 1451 anno

138 1493 238 1576 338⁰,
273 1497 452 1579 simulque,
487 1518 562 1558 cum
588 1518 676 1559 mare
701 1517 766 1559 non
792 1497 994 1559 infestaretur
1018 1499 1058 1559 ab
1082 1498 1249 1574 hostibus,
1277 1520 1362 1580 pace

136 1606 245 1668 adhuc
280 1607 399 1670 fructas
432 1628 504 1669 esse
536 1608 823 1670 animadvertimus
855 1607 1022 1684 Athenas,
1058 1629 1141 1690 quae
1173 1629 1241 1690 pax
1273 1631 1362 1672 anno

139 1714 223 1798 340⁰
239 1717 326 1780 finita
343 1727 408 1794 est,
428 1727 501 1781 orto
518 1727 685 1800 postremo
703 1718 793 1800 quod
811 1740 886 1780 cum
904 1718 1055 1800 Philippo
1072 1730 1243 1800 gesserunt
1259 1720 1361 1783 bello,

186 1828 287 1909 Quod
319 1831 344 1890 si
370 1829 614 1891 similitudinem
639 1829 716 1891 satis
741 1829 942 1891 manifestam
967 1849 1050 1911 quae
1075 1831 1156 1890 inter
1180 1829 1264 1892 hanc
1289 1852 1363 1893 ora·

137 1942 259 2002 tionem
292 1948 324 2002 et
356 1961 410 2002 eas
444 1961 527 2022 quae
557 1942 588 2001 in
614 1938 891 2021 Olympiodorum
917 1948 949 2001 et
976 1941 1192 2002 Macartatum
1218 1943 1363 2023 scriptae

57 2064 59 2067 ’
138 2060 230 2126 sunt,
265 2071 403 2134 quarum
428 2051 528 2112 altera
552 2070 637 2112 anno
665 2046 749 2129 341⁰
772 2049 879 2128 (Blass
904 2073 936 2132 p.
963 2052 1049 2131 498,
1075 2050 1119 2113 A.
1146 2049 1301 2113 Schaefer
1328 2075 1361 2134 p.

140 2162 236 2242 239),
270 2161 371 2224 altera
403 2163 530 2223 circiter
554 2181 639 2223 anno
667 2157 751 2240 3420
773 2161 880 2242 (Blass
904 2181 936 2242 p.
963 2179 1049 2241 491,
1076 2160 1120 2224 A.
1147 2159 1302 2223 Schaefer
1328 2184 1362 2245 p.

140 2273 219 2353 235)
252 2272 361 2334 habita
393 2281 458 2348 est,
494 2293 512 2333 e
545 2273 711 2333 communi
744 2273 870 2353 origine
903 2271 979 2333 licet
1011 2271 1192 2353 explicare,
1220 2272 1270 2333 his
1295 2252 1364 2334 fere

63 2432 65 2436 .
138 2386 229 2446 annis
255 2384 404 2445 Lacritea
429 2383 538 2446 habita
562 2403 634 2445 esse
660 2383 827 2444 conicitur.

185 2494 289 2576 Origo
314 2503 424 2556 autem
449 2495 603 2556 orationis
629 2492 726 2555 hodie
752 2513 817 2554 non
835 2494 898 2554 iarn
917 2492 1135 2555 dubitationes
1153 2513 1285 2555 movere
1303 2515 1364 2575 po-

71 2658 75 2669 .
138 2608 229 2681 terit;
255 2626 329 2668 narn
355 2607 431 2668 satis
457 2613 583 2668 constat
608 2625 680 2666 earn
705 2624 771 2666 non
796 2625 868 2666 esse
892 2604 1071 2685 profectam
1088 2625 1107 2666 a
1125 2603 1363 2668 Demosthene.

140 2716 235 2798 Quae
260 2738 311 2778 res
337 2725 372 2778 ut
389 2716 646 2791 demonstretur,
666 2735 731 2778 non
748 2723 797 2776 est
814 2735 1090 2796 supervacaneum
1109 2735 1276 2796 exponere
1294 2738 1364 2798 quo

139 2836 236 2910 pacto
261 2828 400 2909 scriptor
424 2828 604 2889 orationem
631 2825 837 2908 disposuerit.
881 2824 1034 2887 Ceterum
1060 2846 1100 2886 eo
1118 2825 1280 2887 difficilius
1299 2828 1365 2888 dis-

24 2934 26 2941 ’
139 2939 258 3020 positio
282 2938 442 3000 indicatur
458 2936 546 3020 quod
564 2957 643 3018 quas
660 2944 768 3018 partes
785 2936 858 3017 plus
876 2938 1023 2999 minusve
1040 2936 1237 3018 distinguere
1254 2939 1366 3000 solent

140 3057 302 3124 oratoreS,
330 3049 361 3110 in
388 3048 537 3110 Lacritea
562 3047 714 3110 confusae
739 3055 822 3109 sunt.
873 3047 1052 3109 Exorditur
1077 3049 1173 3128 igitur
1197 3068 1255 3128 per

186 3159 230 3222 A.
640 3158 867 3233 Prooemium,
895 3157 909 3239 5
936 3171 1032 3236 1-5.

262 3268 301 3354 1).
351 3267 529 3330 Phaselitas
562 3277 671 3330 orator
703 3269 746 3330 ait
778 3266 920 3349 perfidos
954 3288 1026 3329 esse
1058 3268 1148 3349 quod
1180 3268 1220 3330 ad
1248 3278 1366 3332 mutua

348 3381 524 3461 pertineat,
551 3379 728 3462 pluresque
749 3377 878 3440 fraudes
895 3380 1101 3440 committere
1118 3398 1216 3460 quarn
1234 3388 1364 3441 ceteros

349 3511 463 3552 omnes
488 3492 543 3572 qui
569 3492 601 3552 in
627 3491 777 3552 Piraeum
802 3488 977 3571 appellant.
1004 3489 1031 3570 (ἕ
1057 3507 1067 3550 1
1093 3497 1125 3550 et
1152 3488 1195 3573 2).

259 3599 301 3687 2).
352 3600 519 3662 Lacritum
552 3621 571 3662 a
603 3621 639 3662 se
663 3620 735 3661 esse
760 3601 899 3681 petitum
923 3607 1090 3681 tamquam
1114 3599 1244 3660 fratrem
1269 3598 1365 3661 here-

349 3713 491 3793 demque
516 3732 559 3773 ex
583 3730 656 3774 asse
681 3711 890 3785 Artemonis,
918 3712 970 3771 cui
995 3730 1030 3772 se
1056 3712 1228 3792 pecuniam
1254 3709 1363 3772 dedis-

350 3843 385 3884 se
410 3830 521 3884 monet
546 3831 704 3884 mutuam.
731 3818 758 3904 (ᾗ
786 3840 802 3901 3
830 3829 862 3882 et
886 3822 930 3902 4).

258 3933 301 4019 3).
351 3931 454 3995 Orare
479 3953 514 3994 se
539 3942 575 3995 ut
598 3932 748 3995 benivole
774 3932 897 4016 iudices
921 3930 1063 3994 audiant.
1090 3928 1117 4016 (ἓ
1138 3928 1179 4016 5).
1206 3929 1364 4012 Sequitur

188 4045 225 4106 B.
661 4043 830 4118 Narrati0,
857 4042 871 4124 ᾗ
897 4042 1021 4121 6-43.

263 4152 302 4239 1).
353 4152 396 4216 Se
420 4162 606 4236 permotum
631 4174 650 4215 a
674 4152 900 4233 Thrasymede
924 4161 957 4214 et
982 4151 1160 4233 Melanopo
1184 4152 1245 4213 tria
1262 4151 1364 4214 millia

348 4264 577 4328 drachmarum
601 4266 780 4328 feneratum
802 4286 874 4326 esse
890 4265 1064 4327 Artemoni
1082 4272 1114 4325 et
1130 4262 1360 4345 Apollodor0,

350 4377 481 4439 Lacrito
506 4377 706 4459 spondente,
728 4377 839 4438 fratres
857 4377 1026 4457 promissis
1044 4376 1110 4436 suis
1128 4395 1200 4436 esse
1218 4382 1362 4436 staturos

350 4487 378 4571 (3
403 4486 518 4572 6-8).
569 4489 631 4549 Per
