3008 5296
471 1908 877 1972 PRAEFATIO.

110 2498 162 2559 Ne
195 2497 267 2580 quis
296 2499 430 2559 miretur
454 2519 512 2559 cur
536 2497 615 2560 mihi
640 2500 869 2580 proposuerim
894 2500 1102 2560 annotatione
1126 2498 1285 2560 instruere

60 2610 243 2670 orationem
277 2630 361 2691 quae
394 2610 508 2671 iniuria
544 2610 627 2671 inter
660 2609 894 2672 Demosthenis
927 2610 1184 2684 circumferatur,
1220 2631 1285 2671 non

61 2719 209 2781 inutilem
251 2719 328 2781 mihi
369 2721 458 2781 visus
499 2740 572 2781 sum
614 2719 758 2782 laborem
795 2722 972 2802 suscipere.
1023 2721 1166 2781 Privatas
1200 2721 1285 2782 enim

60 2832 225 2892 orationes
251 2850 335 2912 quae
360 2838 526 2892 oratorum
551 2832 705 2913 principis
731 2851 850 2893 nomen
875 2833 907 2893 in
931 2830 1036 2893 fronte
1057 2840 1191 2912 gerunt,
1210 2831 1285 2912 plus

61 2962 172 3022 aequo
203 2941 369 3022 neglectas
402 2962 474 3003 esse
507 2950 649 3016 constat,
685 2944 728 3002 ita
761 2950 796 3003 ut
825 2962 932 3022 neque
966 2939 1006 3002 G.
1042 2941 1086 3003 H.
1122 2940 1284 3002 Schaeferi

61 3053 287 3113 annotationes
320 3071 427 3132 neque
461 3051 621 3112 Dindorfii
654 3051 848 3113 satisfaciant
878 3053 915 3112 iis
941 3071 1025 3132 quae
1050 3050 1147 3111 hodie
1172 3058 1284 3132 postu-

62 3163 185 3237 lantur;
205 3182 405 3244 quamquam
422 3170 531 3223 autem
549 3163 708 3244 genuinae
726 3161 887 3243 quaedam
907 3170 983 3242 post
1001 3182 1057 3223 eos
1070 3163 1156 3223 viros
1170 3170 1284 3222 auctae

62 3282 139 3335 sunt
162 3281 319 3355 apparatu
345 3274 421 3334 satis
446 3273 573 3354 amp10,
608 3293 666 3334 eae
692 3292 777 3353 quae
802 3292 867 3333 uno
893 3292 949 3333 ore
974 3273 1103 3354 spuriae
1127 3280 1285 3333 vocantur

61 3385 128 3446 sere
160 3384 305 3445 abiectae
339 3385 538 3465 ignorantur.
589 3384 746 3444 Lectione
779 3403 856 3445 vero
889 3391 965 3444 sunt
998 3382 1192 3464 perdignae;
1219 3402 1283 3443 non

62 3503 197 3578 propter
229 3495 388 3556 sermonis
417 3494 611 3576 elegantiam
636 3503 692 3556 aut
716 3494 1004 3575 argumentationis
1030 3501 1150 3569 artem,
1177 3513 1284 3574 neque

61 3606 106 3667 ob
131 3627 239 3667 rerum
264 3607 473 3687 gravitatem,
500 3606 557 3666 sed
584 3606 660 3687 quia
684 3605 725 3668 ad
749 3607 866 3681 vitam,
891 3625 1016 3680 mores,
1037 3606 1181 3666 instituta
1197 3614 1284 3667 vete-

61 3737 135 3779 rum
160 3716 411 3778 Atheniensium
437 3717 667 3797 cognoscenda
690 3716 812 3778 sontem
834 3717 996 3778 uberrime
1013 3724 1191 3777 scatentem
1209 3736 1284 3796 ape-

63 3829 168 3903 riunt;
187 3848 285 3908 quam
303 3836 412 3889 autem
430 3828 503 3908 quis
521 3848 654 3909 operam
669 3827 794 3890 dederit
807 3827 935 3888 dicendi
949 3828 1060 3909 generi
1073 3825 1282 3903 illustrand0,
1329 3860 1332 3865 ·
1368 3850 1370 3857 ’

62 3939 178 4000 eadem
214 3940 397 4000 necessario
431 3940 590 4020 genuinae
623 3960 757 4021 quoque
790 3941 951 4001 orationes
985 3927 1219 4000 Demosthenis
1252 3947 1284 4000 et

62 4049 202 4112 aliorum
228 4051 344 4112 melius
370 4059 620 4132 cognoscentur.

111 4162 280 4224 Praeterea
311 4162 460 4243 placebat
492 4162 571 4223 mihi
603 4164 740 4224 varietas
770 4164 922 4223 materiae
946 4160 1149 4236 tractandae,
1176 4181 1284 4242 spera-

62 4274 204 4356 bamque
229 4294 282 4335 me
307 4282 536 4355 suscepturum
561 4294 633 4336 esse
658 4274 746 4357 quod
772 4293 919 4335 mearum
943 4273 1024 4334 soret
1048 4274 1182 4347 virium,
1202 4271 1284 4332 irue-

62 4396 200 4469 tumque
224 4394 456 4467 percepturum
480 4385 661 4448 lectitandis
687 4395 853 4448 oratorum
878 4386 1098 4447 monumentis
1122 4404 1141 4444 a
1165 4383 1283 4466 quibus

63 4518 179 4561 cursus
212 4496 395 4559 studiorum
428 4496 536 4560 adhuc
561 4518 614 4560 me
638 4498 816 4560 avertisset.
867 4495 964 4577 Quae
989 4515 1064 4578 spes
1089 4495 1284 4578 partimme
