3008 5296
817 528 856 594 52

224 717 306 781 μένων
329 708 462 793 (addere
486 717 613 791 poterat
637 710 677 767 καὶ
697 720 749 768 τῶν
768 713 941 785 ἐξαγομένων.
972 712 1087 774 Bockh
1108 711 1125 775 I
1143 715 1227 792 382,
1246 714 1452 776 reclamante

223 827 332 881 tamen
356 818 524 882 Wachsm.
550 819 595 881 ῙΙ.
617 841 649 902 p.
669 820 739 902 116)
763 823 800 886 εἰς
821 826 866 877 τὸν
888 823 1042 895 Πειραιᾶ-
1058 829 1275 899 -τεντηιωοτὴν
1294 828 1404 881 ἐτέλουν
1426 825 1455 878 οἱ

224 933 351 1004 ἔμποροι,
365 932 405 986 καὶ
425 937 504 988 τοῦτο
524 934 640 987 ἐκαλεῖτο
654 933 914 1005 πεντηκοστεύεσιλαι.
940 930 978 993 In
1000 933 1209 1014 inscriptione
1225 933 1313 1014 apud
1329 931 1452 994 Bbckh

224 1037 460 1120 (Staatshaush.
495 1038 527 1099 ΙΙ
561 1060 593 1121 p.
629 1039 685 1121 84)
717 1040 798 1102 haec
830 1042 1099 1124 quinquagesima
1131 1045 1228 1106 etiam
1258 1044 1299 1105 de
1325 1063 1454 1124 pecore

225 1150 367 1230 exigitur
391 1149 480 1230 quod
505 1158 696 1230 exportatur
720 1155 840 1224 θεωρίας
868 1152 982 1214 causa!
1022 1151 1230 1215 Locabantur
1246 1153 1329 1215 haec
1349 1154 1454 1215 vecti-

225 1260 310 1341 galia
333 1260 507 1342 publicano
531 1261 560 1344 (ὁ
580 1267 624 1336 τὴν
644 1267 814 1336 πεντηκοστὴν
833 1267 975 1337 ἐωνημένος
999 1264 1111 1346 59,27)
1127 1271 1374 1342 πεντηκοστάμχῳ,
1394 1266 1454 1347 qui

226 1391 286 1433 suo
319 1379 351 1432 et
383 1371 521 1433 aliorum
545 1371 895 1453 participum-nomine
919 1373 1082 1455 exigenda
1106 1374 1255 1452 curabat,
1283 1395 1353 1437 non
1379 1376 1454 1458 ipse

226 1482 396 1563 exigebat;
430 1480 493 1543 hoc
525 1483 611 1543 enim
644 1502 762 1544 munus
795 1482 933 1544 dabatur
965 1486 1065 1546 servis
1091 1481 1369 1569 (πεντηκοστολόγος)
1395 1487 1454 1568 qui

225 1601 435 1675 acceptorum
460 1594 601 1656 rationes
625 1593 657 1654 in
683 1592 813 1654 codices
838 1593 1035 1672 referebant,
1054 1615 1120 1678 quo
1137 1603 1234 1678 pacto
1251 1593 1321 1657 fieri
1339 1606 1455 1679 potest

227 1712 263 1766 ut
289 1719 365 1784 34,7
391 1724 505 1766 eorum
530 1710 674 1780 ἀπογραφή
691 1703 811 1765 indicet
827 1713 984 1787 quantum
1001 1708 1159 1769 mercium
1177 1707 1218 1768 sit
1234 1708 1451 1788 impositum;

229 1816 345 1896 32,18:
371 1821 416 1872 κᾶν
435 1818 482 1886 μὲν
501 1820 643 1890 ἐωνημένος
665 1821 709 1873 τὸν
729 1821 797 1872 σῖτον
816 1821 909 1881 ἐκεῖνος
931 1821 1053 1894 φαίνηται
1072 1818 1113 1875 καὶ
1126 1822 1159 1874 τὰ
1174 1821 1235 1892 τέλη
1248 1821 1345 1887 κείμεν’
1363 1824 1454 1896 ἐκείνῳ

226 1926 303 2009 (eius
334 1924 457 1987 nomine
487 1925 552 1987 sint
580 1923 670 1986 illata
702 1924 735 1985 in
768 1925 914 2007 codr'ces),
948 1936 984 1989 ut
1020 1928 1051 1989 in
1084 1928 1236 2009 proximo
1270 1936 1450 1991 commate.

227 2038 280 2101 De
304 2036 517 2118 vectigalibus
542 2035 580 2098 cs.
606 2044 773 2117 praeterea
796 2035 1062 2100 Buchsenschiitz
1086 2059 1118 2120 p.
1148 2051 1213 2117 554
1237 2059 1263 2100 s.

274 2150 457 2211 Pronomen
481 2149 579 2212 οὕτος
606 2149 780 2230 quinquies
797 2151 970 2231 repetitum
988 2171 1053 2212 non
1070 2149 1222 2213 abhorret
1238 2150 1280 2212 ab
1299 2171 1362 2212 usu
1384 2152 1447 2212 De-

228 2260 424 2324 mosthenis:
450 2259 488 2321 cs.
518 2272 616 2338 54,22
643 2256 688 2343 (in
712 2261 858 2323 oratione
883 2262 951 2322 sine
977 2261 1077 2323 dubio
1095 2260 1247 2346 genuina)
1266 2261 1321 2323 ubi
1340 2263 1452 2323 sexies

227 2373 362 2456 legitur,
388 2380 421 2433 et
445 2369 579 2446 Straub,
599 2367 653 2453 (de
668 2371 771 2452 tropis
788 2391 820 2452 p.
844 2370 919 2457 130)
937 2371 977 2433 de
994 2372 1178 2454 polyptoto
1205 2371 1271 2435 Sed
1288 2372 1452 2434 molestae

228 2492 303 2546 sunt
327 2484 503 2545 sententiae
528 2483 645 2543 iterum
669 2483 853 2564 iterumque
877 2483 1048 2565 copulatae
1072 2503 1130 2565 per
1154 2487 1213 2559 καί,
1233 2483 1324 2564 quod
1343 2503 1452 2564 genus

228 2595 420 2678 eloquendi,
447 2596 478 2655 in
503 2593 620 2675 spuriis
643 2593 842 2655 orationibus
859 2595 936 2656 satis
953 2614 1050 2676 saepe
1067 2593 1217 2670 obvium,
1236 2613 1302 2654 non
1320 2593 1452 2656 inficete

227 2715 362 2769 vocatur
395 2703 567 2788 „epicum”
602 2725 620 2765 a
652 2705 721 2767 viro
747 2704 778 2767 d.
806 2704 962 2786 Lortzing
985 2703 1088 2788 (Diss.
1115 2704 1155 2766 de
1180 2703 1336 2766 Oration:
1365 2725 1450 2786 quas

230 2817 326 2880 Dem.
352 2837 412 2899 pro
436 2815 595 2898 Apollod.
622 2816 789 2896 scripsisse
813 2815 912 2878 fertur
942 2815 1041 2900 1863)
1066 2836 1097 2897 p.
1127 2828 1165 2896 35
1194 2836 1219 2879 s.
1245 2815 1264 2877 f.
1339 2901 1342 2907 ι

792 3264 806 3339 t
833 3278 886 3340 30·

278 3500 331 3561 27.
381 3483 434 3545 De
465 3507 554 3540 τε-
579 3507 615 3540 τε
647 3482 766 3563 quibus
800 3481 966 3545 antithesis
991 3483 1124 3545 insertur
1147 3482 1222 3544 vide
1247 3481 1388 3544 Kuhner
1414 3483 1447 3544 ΙΙ

229 3617 261 3677 p.
281 3595 366 3673 7883
384 3595 425 3656 ad
443 3594 599 3656 Dativum
615 3597 822 3667 ἐπιδημοῦσι
841 3596 975 3657 τούτοις
997 3594 1106 3656 confer
1122 3593 1263 3656 eundem
1280 3613 1312 3674 p.
1333 3608 1396 3673 371
1415 3615 1446 3670 s;

230 3705 336 3787 Kriig.
362 3707 438 3784 48,5
457 3722 486 3785 3.

278 3832 330 3895 27,
379 3821 467 3891 ἦσαν.
488 3815 526 3878 cf,
558 3833 649 3895 19‚3:
676 3823 773 3893 χρόνος
796 3823 933 3892 γεγένηται
952 3820 1053 3892 πολύς;
1077 3815 1192 3892 18‚26;
1210 3828 1299 3894 45,4.
1339 3814 1447 3898 Saepe

228 3935 326 4006 χρόνος
348 3932 493 4004 ἐγγίγνεται
518 3944 657 4007 Ι9,324;
684 3941 779 4005 37,2;
806 3941 908 4006 47‚29
934 3934 994 3989 cet.
1019 3927 1071 3988 vel
1096 3930 1251 4002 διαγίγνεται
1273 3925 1385 4006 27,63.

275 4058 307 4119 p.
333 4055 446 4118 9331.
494 4045 554 4115 ἤδη
579 4045 654 4119 post
677 4042 827 4095 ἐνταῦθα
853 4046 902 4099 est
928 4036 1103 4114 „demum”
1131 4045 1166 4098 ut
1188 4039 1326 4118 18,193;
1352 4051 1395 4117 45
1414 4057 1445 4119 9.

275 4149 353 4211 Post
376 4154 465 4224 ἐπειδὴ
488 4151 618 4231 saepius
643 4151 822 4211 continuari
846 4170 905 4232 per
928 4156 990 4206 τότε
1011 4156 1042 4227 δή
1059 4148 1219 4231 exemplis
1244 4149 1448 4212 demonstrat

229 4258 380 4322 Gebauer
403 4260 558 4343 Append.
584 4261 625 4322 ad
651 4261 730 4341 LyS.
762 4259 869 4337 12‚66.

276 4389 307 4435 2.
355 4376 576 4450 ἠνωχλοῦμεν
605 4375 732 4439 αὐτοῖς.
785 4373 877 4435 Idem
911 4374 1049 4436 Dativus
1084 4374 1180 4453 8,42;
1218 4372 1310 4452 18,4;
1346 4388 1446 4452 21,4;

228 4501 348 4565 43,2o;
382 4484 502 4566 48,19;
527 4505 641 4547 verum
661 4494 801 4548 accusat.
830 4503 925 4566 23,4;
955 4484 1072 4566 58,68;
1099 4485 1313 4568 discrepantia
1337 4485 1403 4547 iam
1429 4506 1449 4549 a
