3008 5296
824 516 868 578 66

279 710 345 791 Qui
371 710 434 772 loci
459 731 512 773 me
536 719 769 793 permoverunt
794 719 830 773 ut
854 714 1009 774 reicerem
1034 713 1124 794 quod
1150 714 1377 790 conieceram,
1405 715 1458 776 de-

230 819 364 882 lendum
394 841 467 882 esse
491 823 533 878 καῖ
552 825 706 897 οἰομένους,
734 830 770 883 ut
794 830 881 883 esset
905 829 1096 897 κατοφρονεῐνε
1121 822 1195 884 bene
1218 823 1381 884 conscium
1405 824 1462 886 sibi

229 952 308 1006 esse,
336 933 392 1012 qui
417 952 496 992 usus
515 931 690 993 Herodoto
706 933 858 1013 proprius
879 935 923 1014 (v.
942 930 1033 994 Stein
1049 933 1091 996 ad
1113 931 1201 1018 1,66)
1218 954 1259 995 ne
1276 935 1320 995 ab
1337 934 1459 996 Atticis

230 1041 364 1122 quidem
389 1040 560 1116 abhorret,
588 1048 623 1102 ut
648 1040 1325 1122 demonstrantlociXen.Hell.5‚4,12.
1351 1043 1458 1107 Thuc.

232 1152 355 1231 3‚83,2.
390 1151 428 1213 cs.
460 1150 599 1212 Kithner
625 1151 669 1212 ΙΙ.
695 1173 727 1233 p.
758 1151 869 1230 576,1.
918 1152 996 1213 Vidi
1021 1161 1153 1234 postea,
1181 1154 1268 1215 idern
1293 1152 1460 1236 placuisse

229 1260 417 1324 Schaefero
1197 1280 1201 1291 '

277 1372 415 1433 Reiskio
452 1373 515 1433 iarn
552 1371 743 1453 scrupulum
782 1373 935 1434 iniecerat
966 1373 1048 1434 haec
1080 1374 1180 1434 dictio
1190 1395 1198 1449 ;
1233 1374 1361 1435 mavult
1396 1374 1458 1455 legi

229 1487 375 1554 ἀνθρώπων
395 1489 644 1556 καταφρονοῦντας,
669 1483 721 1543 vel
746 1489 906 1557 ἀνθρώπους
927 1491 1170 1557 καταφρονοῦντος.
1205 1483 1342 1545 Dobree
1368 1483 1456 1546 Adv.

230 1591 263 1652 ΙΙ
287 1613 320 1673 ρ.
352 1593 432 1671 158;
459 1593 532 1661 οἶμαι
552 1599 604 1649 δεῖν
624 1604 676 1651 τῶν
696 1597 781 1650 ἄλλων
801 1602 1044 1670 καταφρονοῦντας.

277 1719 331 1782 29.
379 1711 532 1776 πονηροῦ
551 1709 719 1777 σοφιστοῦ
743 1703 781 1765 cf.
808 1703 916 1785 Kriig.
944 1703 1069 1782 47‚6,8.

277 1830 330 1892 30.
381 1833 472 1874 cum
505 1815 746 1883 οἰμωξομένου
780 1813 820 1876 G.
848 1815 892 1876 H.
928 1814 1081 1878 Schaeser
1113 1815 1251 1877 contulit
1284 1815 1347 1878 Ar.
1384 1817 1457 1879 Pac.

230 1923 314 2003 756:
333 1928 425 1980 ἑκατὸν
446 1926 475 1980 δὲ
494 1926 577 1999 κύκλῳ
597 1925 709 1996 κεφαλαὶ
724 1928 838 1980 κολάκων
852 1927 1037 1995 οἰμωξομένων
1050 1931 1217 2003 ἐλιχμῶντο,
1238 1927 1293 1988 ubi
1313 1927 1459 2007 Blaydes

227 2036 339 2096 vertit:
363 2033 526 2120 ·„cursed,
553 2032 724 2114 rascally”.

276 2720 308 2780 p.
335 2699 448 2778 938‚2.
500 2698 552 2758 De
577 2701 800 2773 εἰσελήλυθε,
827 2697 965 2759 formula
990 2700 1107 2760 usitata
1132 2698 1173 2758 de
1202 2707 1314 2760 actore
1340 2709 1373 2761 et
1400 2721 1456 2761 reo

228 2819 260 2870 et
286 2811 356 2891 ipsa
372 2808 445 2884 lite,
465 2807 503 2869 cf.
523 2805 883 2890 Mei.-Schoem.-LipS.
901 2831 933 2890 p.
949 2824 1008 2888 45,
1026 2829 1099 2870 ann.
1120 2825 1170 2870 12.
1191 2809 1289 2870 Dem.
1309 2810 1454 2889 18,105;

230 2918 325 2996 21‚6;
354 2921 395 2996 78
423 2927 484 2980 cet.
527 2918 580 2978 De
605 2919 765 2980 iudicibus
792 2940 926 3000 quoque
950 2919 1122 2980 adhibetur
1145 2920 1284 2995 18,210;
1305 2936 1453 2997 21‚212;

228 3045 342 3109 47,17.
381 3030 557 3091 Buttmann
584 3029 654 3091 Ind.
680 3029 721 3090 ad
741 3029 919 3091 Midianam
937 3051 962 3091 s.
980 3051 1030 3104 v.;
1050 3028 1172 3091 Frohb.
1191 3029 1232 3090 ad
1252 3030 1332 3108 Lys.
1355 3047 1454 3109 13,12

228 3149 261 3201 et
286 3138 437 3201 Gebauer
462 3140 492 3199 in
518 3138 674 3220 Append.

277 3268 306 3330 3.
356 3255 396 3307 τὰ
425 3256 634 3325 πεπραγμέν’
665 3254 813 3314 ἑαυτοῖς.
863 3251 1003 3312 Dativus
1035 3269 1096 3332 pro
1129 3254 1181 3307 ὑπὸ
1215 3269 1242 3310 c.
1274 3247 1357 3312 Gen.
1385 3251 1455 3332 ple-

228 3382 367 3443 rumque
398 3361 545 3423 Perfecto
569 3369 625 3422 aut
650 3360 760 3441 Plusq.
788 3361 822 3423 P.
847 3361 994 3437 additur,
1022 3381 1096 3422 raro
1121 3357 1227 3444 (3,26)
1254 3360 1454 3441 Imperfecto

227 3473 278 3536 vel
303 3472 440 3534 Aoristo
465 3469 600 3555 (23‚48;
629 3471 726 3551 36,3;
756 3469 892 3556 37‚6,9).
943 3473 996 3533 De
1020 3471 1082 3533 hac
1105 3472 1350 3533 constructione
1368 3472 1455 3534 Ben-

227 3584 311 3646 seler
335 3584 376 3645 ad
402 3583 503 3645 Isocr.
526 3599 581 3663 9,2
599 3584 645 3643 sic
664 3583 774 3644 docet:
796 3590 851 3658 „rot
869 3588 955 3659 ἐκείνῳ
975 3588 1149 3659 πεπραγμένα
1167 3582 1284 3643 dicitur
1301 3581 1342 3643 de
1360 3582 1454 3644 factis

228 3714 312 3776 quae
336 3694 453 3775 aliquis
479 3692 726 3775 quodammodo
751 3714 837 3755 nunc
861 3693 1025 3775 possidet,
1053 3702 1089 3755 ut
1105 3693 1229 3774 aliquid
1245 3691 1453 3775 praeclarum

226 3815 283 3867 aut
314 3804 455 3880 malum,
486 3808 520 3861 τὰ
539 3807 583 3860 ὑπ’
604 3808 700 3861 ἐκείνου
721 3824 802 3877 πεπρ.
827 3805 868 3866 de
893 3806 931 3866 iis
956 3803 1148 3885 quaefacta
1173 3811 1248 3864 sunt
1272 3803 1313 3864 ab
1337 3803 1452 3884 aliquo

228 3916 281 3977 ubi
313 3924 423 3977 tamen
452 3935 518 3976 non
543 3915 726 3995 quaeritur,
755 3924 863 3976 utrum
889 3917 945 3996 qui
971 3914 1025 3976 illa
1050 3915 1151 3995 gessit
1177 3915 1214 3975 iis
1239 3913 1385 3995 gaudere
1410 3935 1453 3976 an

227 4026 338 4088 dolere
370 4025 507 4106 possit.’'
558 4025 756 4106 Plerumque
788 4046 860 4087 eam
894 4026 1027 4086 inveniri
1062 4024 1150 4106 apud
1174 4024 1310 4085 verbum
1337 4031 1451 4100 πράττω

226 4137 386 4219 exemplis
420 4137 621 4198 demonstrat
654 4135 809 4199 Karlowa
841 4135 1126 4219 (Bemerkungen,
1161 4134 1225 4218 cet)
1250 4156 1282 4216 p.
1309 4154 1348 4215 9;
1375 4158 1452 4200 raro

225 4250 267 4311 ad
291 4250 403 4331 partic.
429 4257 603 4325 πεπραγμένα
628 4249 815 4330 adiungitur
838 4253 891 4307 ὑπό
916 4245 1028 4331 (19,9;
1055 4260 1117 4326 953
1150 4261 1230 4323 1175
1259 4245 1374 4330 36,34)
1402 4268 1453 4310 ra-

225 4362 292 4422 rius
317 4362 414 4423 etiam
440 4361 624 4424 subiectum
649 4369 699 4422 est
723 4360 961 4423 substantivum
987 4357 1128 4445 (21,19).
1171 4357 1257 4420 Vide
1281 4366 1453 4439 praeterea

226 4473 300 4534 Fox
324 4471 366 4535 ad
392 4471 450 4537 Or.
476 4493 536 4557 pro
563 4472 731 4555 Megalop.
758 4476 773 4551 §
804 4491 853 4554 19.
