3008 5296
661 508 695 572 15

59 683 152 746 addit
177 705 276 767 saepe
299 696 465 762 γραμματεῦ
489 688 540 770 (cf.
569 688 676 752 Rehd.
701 689 744 751 ad
770 690 851 770 Lyc.
879 693 893 768 ξ
922 689 982 769 36,
1009 699 1041 752 et
1061 692 1092 754 in
1110 692 1232 778 App),
1253 702 1289 756 ut

59 796 159 855 etiam
186 794 280 857 Dem.
313 813 370 875 19,
400 811 484 874 270,
511 793 586 880 (42,
616 797 682 883 29).

107 906 184 962 εἶτα
209 905 297 967 nulla
321 926 398 967 cum
422 907 590 988 particula.
641 909 751 971 Locos
776 909 831 971 dat
856 909 995 973 Schulze
1020 933 1052 994 p.
1079 911 1134 976 66.

10 1606 15 1611 -
106 1569 265 1651 Sequitur
297 1568 503 1652 syngrapha,
537 1569 657 1650 scripta
689 1568 828 1630 sormula
860 1570 914 1631 ubi
944 1577 1123 1648 συμβόλαιον,
1154 1582 1288 1654 pactum

57 1681 241 1762 privatum,
275 1679 420 1741 firmatur
452 1675 586 1761 (Dissen
615 1677 656 1738 ad
690 1676 747 1740 Or.
782 1677 823 1740 de
849 1677 924 1741 Cor.
957 1678 1050 1764 122),
1077 1684 1287 1762 praesertim,
1330 1683 1336 1693 “

10 1824 14 1863 3
59 1801 95 1853 ut
128 1792 220 1852 addit
253 1789 367 1853 Gneist
400 1787 445 1873 (u.
480 1810 505 1850 S.
540 1810 572 1870 p.
598 1788 698 1874 431),
730 1790 770 1851 de
796 1799 911 1852 mutuo
923 1812 930 1865 ;
957 1792 1003 1851 sic
1030 1808 1091 1870 32,
1121 1809 1138 1853 2
1165 1796 1241 1849 οὐδὲν
1261 1800 1290 1849 fv

57 1905 225 1973 συμβόλαιον
251 1887 315 1958 οὐδὲ
339 1906 500 1976 συγγραφή»
526 1919 633 1979 neque
662 1909 860 1962 conventum
886 1900 1047 1982 quidquid
1072 1910 1155 1979 erat,
1182 1921 1289 1982 neque

57 2017 156 2092 pacto
190 2010 415 2071 constitutum.
466 2009 597 2072 Nomen
630 2011 725 2072 valde
754 2013 870 2075 variat:
898 2016 913 2091 5
944 2030 984 2090 14
1009 2021 1130 2088 συνθῆκαι
1154 2014 1200 2095 (et
1227 2031 1287 2092 33,

59 2137 118 2201 35;
156 2138 215 2200 34,
254 2134 286 2199 5;
324 2120 380 2198 56,
416 2119 468 2205 6),
498 2121 573 2182 alibi
598 2127 797 2197 γραμματεῖον,
818 2127 996 2196 συμβόλαιον,
1022 2122 1063 2183 de
1089 2124 1208 2203 quibus
1232 2145 1289 2186 no-

57 2231 202 2294 minibus
235 2230 274 2293 es.
305 2229 437 2307 Gneist,
473 2253 503 2295 u.
530 2252 556 2294 s.
582 2253 614 2314 p.
641 2247 728 2309 4213
758 2229 827 2309 426
852 2252 885 2308 s;
912 2250 998 2312 434;
1025 2235 1112 2310 4803
1140 2235 1221 2297 Poll.
1250 2237 1286 2310 8,

62 2359 137 2420 140.
189 2339 339 2403 Salmasii
372 2343 561 2422 opinionem
594 2339 648 2425 (de
682 2341 786 2403 Modo
820 2342 1003 2404 Usurarum
1035 2364 1068 2425 p.
1100 2362 1178 2423 403.
1209 2362 1287 2422 420.

57 2453 160 2534 421),
195 2452 352 2513 nitentem
385 2451 460 2513 loco
497 2452 556 2531 56,
589 2471 624 2528 1,
650 2452 857 2534 syngraphae
882 2452 946 2514 hoc
975 2454 1073 2515 suisse
1098 2457 1286 2537 proprium,

56 2563 149 2646 quod
191 2564 274 2624 ceris
314 2572 401 2634 esset
437 2564 607 2644 inscripta,
635 2563 751 2625 refutat
787 2563 874 2625 idem
910 2565 958 2624 vir
995 2565 1112 2626 doctus
1149 2586 1181 2646 p.
1220 2581 1287 2644 477

56 2695 82 2738 S.
134 2675 257 2736 Forma
294 2673 463 2735 dialectica
500 2676 531 2736 in
569 2676 778 2757 inscriptione
812 2673 929 2736 Caueri
963 2675 1042 2737 infra
1075 2674 1206 2738 laudata
1239 2686 1288 2738 est

55 2790 252 2861 συγγραφάς
294 2793 407 2847 contra
448 2786 479 2846 in
520 2806 558 2847 ea
594 2785 742 2847 eiusdem
778 2794 870 2866 parte
907 2806 992 2866 quae
1029 2806 1179 2848 sermone
1217 2787 1287 2850 vul-

56 2896 127 2977 gari
161 2897 282 2978 scripta
306 2904 372 2973 est,
399 2905 588 2972 ήσυγμμαμή.
638 2896 692 2958 Sic
716 2896 831 2958 vocab.
858 2896 1058 2973 Plautinum,
1084 2896 1288 2977 syngraphus

56 3006 142 3068 Asin
169 3026 208 3083 4,
233 3025 266 3083 1,
290 3025 324 3083 1,
350 3007 452 3068 variat
476 3027 552 3067 cum
579 3005 793 3069 Ciceroniano
817 3007 1005 3087 syngrapha
1026 3004 1099 3090 (pro
1119 3008 1205 3070 Mur.
1226 3023 1284 3086 17,

58 3135 75 3197 3
83 3130 98 3197 5
135 3116 212 3203 cet).
263 3117 519 3198 Distinguuntur
542 3141 566 3176 α.
588 3125 691 3192 ναυτική
717 3126 749 3177 et
773 3141 797 3175 σ.
817 3121 920 3191 ἔγγειος
947 3118 1066 3200 (Bekk.
1093 3117 1160 3180 An.
1189 3117 1284 3203 283),

55 3229 110 3290 vel
133 3233 289 3302 συμβόλαια
309 3232 414 3285 ναυτικά
438 3237 471 3289 et
494 3232 584 3303 ε’)γεια
610 3225 681 3304 (Or.
709 3245 769 3307 33,
799 3227 841 3310 3).
892 3228 921 3288 E
938 3228 1012 3290 loco
1033 3245 1092 3308 32,
1118 3232 1199 3290 Ιῑοῖ
1210 3235 1286 3298 νόμοι

57 3342 195 3397 κελεύουσι
220 3342 266 3403 τὰς
294 3341 366 3403 δίκας
388 3338 453 3395 εἶναι
473 3345 526 3403 τοῖς
548 3343 699 3414 ναυκλήροις
722 3340 763 3395 καὶ
783 3346 835 3402 τοῖς
860 3344 990 3411 ἐμπύροις
1016 3375 1049 3384 -
1065 3375 1096 3385 -
1113 3375 1144 3384 -
1168 3340 1230 3412 περὶ
1251 3344 1286 3395 ὧν

56 3457 88 3508 ἂν
109 3455 158 3507 ὡαι
178 3447 334 3524 συγγραφαὶ
354 3450 447 3531 sequi
471 3450 619 3526 videtur,
647 3470 712 3511 non
736 3450 885 3531 potuisse
910 3451 1033 3511 institui
1056 3450 1146 3511 litem
1164 3468 1286 3511 merca-

55 3561 175 3623 toriam
208 3560 269 3621 nisi
302 3560 490 3642 syngrapha
522 3563 643 3642 scripta
676 3570 763 3623 esset
796 3560 961 3645 (Lipsius,
995 3570 1105 3624 annot.
1141 3578 1207 3639 412
1244 3560 1286 3623 ad

57 3668 310 3733 Mei—Schoem.
338 3691 377 3753 p.
414 3669 512 3753 636);
548 3673 704 3752 quoniam
736 3680 847 3733 autem
880 3673 943 3733 iam
968 3680 1039 3733 tum
1065 3671 1129 3733 late
1153 3670 1286 3752 patebat

57 3801 139 3844 usus
170 3779 253 3843 tales
284 3782 452 3862 pactiones
486 3783 699 3844 intricatiores
733 3782 846 3844 litteris
880 3783 1054 3845 mandandi
1087 3781 1225 3866 (Gneist.
1252 3802 1284 3863 p.

55 3909 138 3972 421.
173 3890 238 3977 ΙΙ),
273 3891 340 3953 fieri
368 3901 479 3974 potest
504 3901 539 3954 ut
563 3893 644 3955 haec
669 3902 835 3976 postrema
859 3914 878 3955 a
903 3894 1042 3974 petitore
1067 3895 1130 3955 sint
1155 3892 1284 3967 addita;

54 4005 149 4088 parvi
174 4004 261 4065 enim
287 4005 444 4066 momenti
470 4004 502 4066 in
527 4006 596 4066 iure
621 4004 735 4066 Attico
760 4013 826 4079 est,
854 4012 963 4065 utrum
984 4003 1107 4084 aliquid
1126 4004 1285 4084 scriptum

53 4123 167 4178 exstet
191 4134 317 4176 annon:
347 4117 422 4194 56,2
449 4123 501 4181 τοῖς
530 4123 616 4186 νόμοις
643 4153 673 4161 -
697 4120 725 4172 οῖ
742 4119 905 4189 κελεύουσιν,
924 4120 973 4172 ὅσα
993 4115 1025 4171 ἄν
1046 4137 1083 4179 τις
1105 4119 1169 4170 ἑκὼν
1190 4118 1283 4186 ἕτερος

52 4231 145 4305 ἑτέρῳ
174 4231 340 4305 ὁμολογήσῃ,
369 4231 448 4302 κύρια
478 4230 541 4286 εἶναι
570 4226 670 4311 (idem
696 4226 831 4312 47,77),
858 4235 957 4307 atque
982 4225 1037 4287 leX
1062 4234 1130 4286 erat
1155 4222 1285 4285 Solonis

53 4337 179 4425 (Bekk,
216 4358 267 4402 an,
307 4337 404 4424 242):
437 4343 480 4394 τὸν
509 4341 698 4413 ἐγκαλούμενον
727 4343 832 4394 ἐπειδὰν
862 4344 929 4412 μήτε
959 4340 1111 4410 συμβόλαια
1139 4336 1191 4412 ἔχῃ
1217 4333 1286 4408 μήτε

53 4429 222 4537 μιάμτυμοῒς,
242 4461 360 4532 ὀμνύναι.
