3008 5296
737 510 779 574 77

137 693 233 754 Raro
265 698 352 752 eluso
377 696 415 759 εἰς
442 696 504 758 τοὺς
532 699 655 758 δικαστάς
682 691 818 774 legitur:
851 706 946 768 27,1;
978 691 1057 770 Lys.
1090 708 1161 769 31,1
1195 690 1302 753 editur
1331 698 1367 755 os

134 800 263 886 (Cobet
286 801 354 885 εἶς);
381 801 473 865 Plato
499 801 601 885 Gorg.
628 804 691 880 481
716 802 751 864 A
776 807 858 875 παρά.

189 929 245 993 23.
294 914 384 969 οὕτω
405 917 514 976 δεινὸς
537 915 630 976 ὅστις
651 915 696 971 ἄν.
729 914 782 975 De
800 917 869 976 ὅστις
889 911 997 992 Krdg.
1019 924 1188 990 51,13,10.
1215 909 1368 973 Schneid.

133 1024 181 1086 ad
209 1024 311 1085 Isocr.
337 1035 428 1102 9,35.
478 1021 600 1084 Frohb.
626 1022 668 1084 ad
694 1023 772 1103 Lys
800 1036 909 1101 1435.
961 1019 1062 1101 Quod
1087 1020 1257 1101 legebatur
1281 1022 1367 1084 οὕτως
1470 1049 1472 1055 ·

139 1171 170 1178 -
201 1139 230 1198 ὅς
258 1135 355 1211 8,44;
383 1146 499 1212 10,15;
528 1151 623 1212 31,11
648 1154 749 1216 opera
774 1134 889 1195 Blassii
915 1153 1001 1194 nunc
1027 1133 1177 1194 scribitur
1202 1137 1284 1192 ὥστε.

709 1578 724 1653 i
754 1587 806 1653 50·

195 1805 245 1870 52.
296 1795 405 1848 τοίνυν
434 1791 488 1854 hic
520 1803 570 1855 est
601 1800 796 1870 μετοβοτυιόν,
832 1813 899 1874 quo
932 1793 1071 1854 narratio
1104 1792 1304 1873 pertexitur,
1335 1801 1371 1853 ut

143 1903 264 1977 20,88;
303 1915 420 1980 54,10;
453 1905 493 1983 38
506 1926 513 1979 ;
540 1900 651 1988 (saepe
675 1907 714 1962 ἔτι
735 1909 818 1960 τοίνυν
843 1917 936 1981 Ι,25;
966 1919 1061 1977 22,21
1093 1911 1162 1963 cet:
1193 1901 1258 1962 iam
1283 1922 1368 1964 veru.

143 2011 324 2074 Schneider
349 2013 390 2074 ad
415 2011 516 2077 Isocr.
544 2033 642 2095 9,41;
669 2013 822 2076 Schaefer
846 2013 973 2094 Appar.
1002 2013 1015 2073 I
1042 2033 1074 2093 p.
1104 2012 1199 2093 222),
1225 2031 1291 2073 non
1312 2016 1369 2067 συλ·

142 2123 305 2197 λογιστικόν,
341 2124 431 2204 quod
464 2125 496 2185 in
528 2124 643 2186 eadem
668 2144 703 2186 re
728 2124 890 2198 subsistit,
917 2123 1111 2205 plerumque
1137 2122 1262 2203 colligit
1286 2143 1370 2204 quae

141 2227 244 2291 fusius
270 2234 421 2314 exposita
445 2235 663 2316 praecedunt,
690 2255 788 2316 saepe
813 2243 889 2316 post
912 2233 1138 2316 parenthesin,
1158 2234 1369 2294 coniunctum
1436 2307 1439 2314 ι

143 2359 219 2400 cum
244 2342 389 2404 iudicum
414 2344 628 2422 allocutione,
657 2354 692 2407 ut
719 2346 838 2424 23‚18;
867 2359 947 2423 152;
969 2362 1089 2423 21,19;
1108 2361 1228 2424 49,33;
1252 2357 1368 2422 5o,11,

143 2457 205 2510 cet.
232 2452 270 2514 cf.
298 2453 372 2514 Fox
397 2454 439 2516 ad
465 2454 556 2517 Orat.
575 2476 635 2537 pro
659 2455 782 2536 Megal.
801 2458 817 2533 ᾖ
835 2473 875 2532 4;
894 2455 1017 2516 Weber
1033 2455 1074 2516 ad
1092 2454 1252 2516 Aristocr.
1272 2453 1287 2528 ξ
1310 2455 1367 2530 18,

149 2577 232 2640 123;
268 2562 391 2626 Frohb.
425 2566 466 2626 ad
492 2567 571 2646 Lys.
599 2580 683 2645 1,45.
735 2565 857 2628 Nostra
882 2566 1028 2627 oratione
1055 2564 1119 2626 hoc
1142 2572 1269 2626 tantum
1294 2564 1369 2626 loco

144 2673 302 2751 particula
336 2678 494 2753 occurrit;
522 2679 553 2738 in
578 2678 729 2758 genuinis
753 2697 831 2738 vero
857 2685 937 2738 orat.
964 2676 1096 2757 privatis
1122 2674 1224 2737 semel
1249 2677 1281 2736 in
1305 2684 1369 2737 ter-

143 2782 192 2842 nis
224 2785 454 2866 paragraphiS,
489 2788 579 2868 quod
612 2796 701 2870 patet
733 2808 776 2848 ex
809 2787 1054 2868 computatione
1086 2785 1169 2848 facta
1198 2806 1217 2847 a
1241 2787 1311 2847 viro
1336 2785 1367 2848 d.

145 2891 349 2976 Rosenberg.
375 2896 485 2974 Jahrb.
513 2900 609 2976 1874.
636 2919 668 2980 p.
696 2915 757 2978 109
782 2900 872 2978 seq.v

192 3017 244 3081 27.
294 3010 424 3084 χωρίς,
451 3008 489 3071 cf.
516 3010 556 3070 ad
582 3010 595 3083 ἓ
623 3027 678 3089 43.
704 3009 789 3070 adde
814 3009 889 3069 Fox
912 3005 954 3068 ad
980 3004 1037 3068 Or.
1065 3005 1106 3067 de
1132 3006 1223 3086 Meg.
1249 3003 1262 3077 ἕ
1289 3007 1339 3068 18.

191 3117 243 3178 28·
293 3121 466 3193 ἐσχάτους
488 3125 670 3184 κινδύνους.
716 3121 848 3205 Lipsius
881 3139 913 3199 p.
950 3132 1069 3196 300e
1102 3118 1182 3179 locis
1210 3132 1310 3197 3437
1337 3125 1369 3179 et

144 3225 224 3306 Lyc.
252 3227 369 3289 Leocr.
383 3229 384 3233 ’
398 3244 457 3318 27η,
486 3229 540 3292 ubi
566 3231 607 3293 de
632 3232 746 3294 eadem
764 3251 799 3292 re
816 3235 933 3308 ἔσχατος
952 3229 1086 3304 dicitur,
1106 3227 1272 3289 concludit
1289 3226 1369 3308 pha-

143 3336 191 3397 sin
215 3337 304 3418 (vide
328 3338 369 3399 ad
394 3340 408 3413 ἕ
437 3340 512 3421 51),
540 3344 633 3423 sequi
658 3363 757 3424 posse
782 3344 889 3410 ἀτιμίαν
908 3338 960 3401 vel
986 3340 1133 3421 corporis
1158 3359 1310 3421 poenam.

190 3463 243 3525 29.
293 3452 330 3502 τὸ
350 3451 475 3505 τούτου
495 3456 599 3525 μέρος
627 3461 663 3515 ut
688 3453 809 3532 43‚78;
836 3464 958 3530 45,70;
985 3447 1098 3511 Klihn.
1126 3449 1158 3509 ΙΙ
1176 3470 1208 3530 p.
1230 3463 1366 3529 272,15.

143 3555 207 3618 Sed
233 3572 337 3638 4459
362 3558 404 3613 ἐπὶ
424 3564 455 3615 τὸ
475 3571 527 3617 τῶν
547 3565 802 3637 διαμαρτυρούντων
822 3566 905 3633 μέρος
930 3580 1075 3640 quocum
1098 3557 1206 3622 Rehd.
1224 3558 1266 3621 ad
1285 3560 1367 3640 Lyc.

141 3667 155 3740 ἓ
187 3683 224 3745 17
250 3667 341 3750 App.
368 3667 492 3731 confert
516 3675 582 3727 κατὰ
603 3676 634 3727 τὸ
655 3673 751 3728 τούτου
772 3675 855 3741 μέρος
878 3669 979 3731 Isocr.
1008 3671 1096 3745 20,8.
1124 3669 1206 3749 Lyc.
1232 3685 1287 3749 97.

190 3793 243 3857 29.
280 3782 424 3852 βοηθεῖν
446 3787 495 3840 est
518 3779 715 3841 vocabulum
742 3778 903 3842 iudiciale.
929 3780 968 3842 cf.
998 3778 1116 3858 56,15:
1143 3786 1187 3855 τὴν
1212 3783 1368 3852 συγγραφὴν

140 3893 166 3944 ἐν
187 3885 203 3963 ᾗ
224 3893 268 3962 τὴν
288 3891 357 3962 ὑπὲρ
377 3901 430 3946 τῶν
450 3895 554 3947 δικαίων
573 3896 702 3966 βοήθειαν
721 3893 831 3966 ἔχομεν.

188 4019 220 4080 p.
254 4016 367 4078 941,2.
418 4000 803 4070 ίόνετοννομονὼς-.
850 3999 902 4060 De
935 3999 1165 4080 anticipatione
1195 3995 1233 4058 cl.
1259 3996 1367 4076 Kriig.

141 4107 268 4185 61,6,2.

188 4238 220 4296 4,
269 4221 393 4276 ἄλλοσέ
411 4243 465 4277 ποι
486 4226 661 4294 σιτηγήσῃ.
682 4219 721 4281 cf.
751 4236 851 4300 34,37
878 4228 910 4281 et
936 4219 1018 4299 Lyc.
1045 4219 1162 4280 Leocr.
1191 4232 1244 4294 27.
1283 4213 1367 4277 Cum

140 4333 227 4391 enim
263 4329 375 4391 Attica
412 4337 498 4390 esset
536 4336 707 4408 λεπτύμευς,
747 4341 782 4393 ut
802 4332 858 4393 ait
891 4328 1120 4409 Thucydides,
1155 4327 1369 4405 omniumque

140 4441 283 4503 maxime
315 4439 468 4503 Athenae
500 4451 635 4523 egerent
667 4449 740 4501 οίτου
760 4446 914 4500 ἐπεισάκτου
946 4439 1059 4525 (Dein.
1087 4438 1183 4516 18,87
1195 4458 1203 4514 ;
1232 4434 1365 4519 20,31),
