<?xml version="1.0" encoding="UTF-8"?>
<!DOCTYPE html PUBLIC "-//W3C//DTD XHTML 1.0 Transitional//EN"
    "http://www.w3.org/TR/xhtml1/DTD/xhtml1-transitional.dtd">
<html xmlns="http://www.w3.org/1999/xhtml" xml:lang="en" lang="en">
 <head>
  <title>
</title>
<meta http-equiv="Content-Type" content="text/html;charset=utf-8" />
  <meta name='ocr-system' content='tesseract 3.04.00' />
  <meta name='ocr-capabilities' content='ocr_page ocr_carea ocr_par ocr_line ocrx_word'/>
</head>
<body>
  <div class='ocr_page' id='page_1' title='image "./annotationesadd00hanngoog_0056.png"; bbox 0 0 3008 5296; ppageno 0'>
   <div class='ocr_carea' id='block_1_1' title="bbox 668 128 706 190">
    <p class='ocr_par' dir='ltr' id='par_1_1' title="bbox 668 128 706 190">
     <span class='ocr_line' id='line_1_1' title="bbox 668 128 706 190; baseline 0 0"><span class='ocrx_word' id='word_1_1' title='bbox 668 128 706 190; x_wconf 81' lang='lat'><strong>23</strong></span> 
     </span>
    </p>
   </div>
   <div class='ocr_carea' id='block_1_2' title="bbox 59 305 1300 1045">
    <p class='ocr_par' dir='ltr' id='par_1_2' title="bbox 117 305 1215 387">
     <span class='ocr_line' id='line_1_2' title="bbox 117 305 1215 387; baseline 0.002 -21"><span class='ocrx_word' id='word_1_2' title='bbox 117 305 211 384; x_wconf 84' lang='lat' dir='ltr'><strong>Quid</strong></span> <span class='ocrx_word' id='word_1_3' title='bbox 238 306 395 366; x_wconf 89' lang='lat' dir='ltr'><strong>mercium</strong></span> <span class='ocrx_word' id='word_1_4' title='bbox 422 307 545 367; x_wconf 82' lang='lat' dir='ltr'>Pontus</span> <span class='ocrx_word' id='word_1_5' title='bbox 570 313 749 387; x_wconf 83' lang='lat' dir='ltr'>praestaret</span> <span class='ocrx_word' id='word_1_6' title='bbox 774 305 904 367; x_wconf 88' lang='lat' dir='ltr'>docebit</span> <span class='ocrx_word' id='word_1_7' title='bbox 930 305 1050 368; x_wconf 81' lang='lat' dir='ltr'><strong>Biichs.</strong></span> <span class='ocrx_word' id='word_1_8' title='bbox 1076 327 1108 387; x_wconf 87' lang='lat' dir='ltr'><strong>p.</strong></span> <span class='ocrx_word' id='word_1_9' title='bbox 1135 322 1215 383; x_wconf 79' lang='lat'><strong>422.</strong></span> 
     </span>
    </p>

    <p class='ocr_par' dir='ltr' id='par_1_3' title="bbox 59 413 1300 1045">
     <span class='ocr_line' id='line_1_3' title="bbox 122 413 1299 498; baseline 0.001 -22"><span class='ocrx_word' id='word_1_10' title='bbox 122 432 175 476; x_wconf 89' lang='lat'><strong>12.</strong></span> <span class='ocrx_word' id='word_1_11' title='bbox 225 421 257 470; x_wconf 76' lang='grc' dir='ltr'><strong>ἐν</strong></span> <span class='ocrx_word' id='word_1_12' title='bbox 277 425 320 470; x_wconf 79' lang='grc' dir='ltr'><strong>πω</strong></span> <span class='ocrx_word' id='word_1_13' title='bbox 342 417 432 489; x_wconf 75' lang='grc' dir='ltr'><em>αὐτῷ</em></span> <span class='ocrx_word' id='word_1_14' title='bbox 455 418 572 490; x_wconf 75' lang='grc' dir='ltr'><em>πλαίῳε</em></span> <span class='ocrx_word' id='word_1_15' title='bbox 594 435 669 475; x_wconf 91' lang='lat' dir='ltr'><strong>nam</strong></span> <span class='ocrx_word' id='word_1_16' title='bbox 695 413 761 475; x_wconf 88' lang='lat' dir='ltr'><strong>fieri</strong></span> <span class='ocrx_word' id='word_1_17' title='bbox 787 423 915 495; x_wconf 91' lang='lat' dir='ltr'><strong>poterat</strong></span> <span class='ocrx_word' id='word_1_18' title='bbox 940 416 989 497; x_wconf 92' lang='lat' dir='ltr'><strong>(ut</strong></span> <span class='ocrx_word' id='word_1_19' title='bbox 1011 415 1102 498; x_wconf 86' lang='grc'>34,9)</span> <span class='ocrx_word' id='word_1_20' title='bbox 1120 424 1155 476; x_wconf 93' lang='lat' dir='ltr'><strong>ut</strong></span> <span class='ocrx_word' id='word_1_21' title='bbox 1172 415 1299 477; x_wconf 92' lang='lat' dir='ltr'><strong>debitor</strong></span> 
     </span>
     <span class='ocr_line' id='line_1_4' title="bbox 61 521 1299 603; baseline 0 -17"><span class='ocrx_word' id='word_1_22' title='bbox 61 527 98 586; x_wconf 95' lang='lat' dir='ltr'><strong>in</strong></span> <span class='ocrx_word' id='word_1_23' title='bbox 136 526 279 586; x_wconf 85' lang='lat' dir='ltr'>Pontum</span> <span class='ocrx_word' id='word_1_24' title='bbox 304 521 487 603; x_wconf 80' lang='lat' dir='ltr'><strong>profectuS,</strong></span> <span class='ocrx_word' id='word_1_25' title='bbox 515 524 589 585; x_wconf 92' lang='lat' dir='ltr'><strong>inde</strong></span> <span class='ocrx_word' id='word_1_26' title='bbox 614 544 730 586; x_wconf 91' lang='lat' dir='ltr'><strong>navem</strong></span> <span class='ocrx_word' id='word_1_27' title='bbox 756 525 884 586; x_wconf 91' lang='lat' dir='ltr'><strong>inanem</strong></span> <span class='ocrx_word' id='word_1_28' title='bbox 910 545 986 586; x_wconf 94' lang='lat' dir='ltr'><strong>cum</strong></span> <span class='ocrx_word' id='word_1_29' title='bbox 1011 525 1165 587; x_wconf 91' lang='lat' dir='ltr'><strong>nauclero</strong></span> <span class='ocrx_word' id='word_1_30' title='bbox 1190 526 1299 587; x_wconf 92' lang='lat' dir='ltr'><strong>remit-</strong></span> 
     </span>
     <span class='ocr_line' id='line_1_5' title="bbox 60 634 1297 718; baseline 0.002 -22"><span class='ocrx_word' id='word_1_31' title='bbox 60 644 171 709; x_wconf 91' lang='lat' dir='ltr'><strong>teret,</strong></span> <span class='ocrx_word' id='word_1_32' title='bbox 198 634 310 695; x_wconf 89' lang='lat' dir='ltr'><strong>dicens</strong></span> <span class='ocrx_word' id='word_1_33' title='bbox 335 653 371 693; x_wconf 90' lang='lat' dir='ltr'><strong>se</strong></span> <span class='ocrx_word' id='word_1_34' title='bbox 395 642 511 713; x_wconf 83' lang='lat' dir='ltr'><strong>postea</strong></span> <span class='ocrx_word' id='word_1_35' title='bbox 535 635 716 696; x_wconf 91' lang='lat' dir='ltr'><strong>rediturum</strong></span> <span class='ocrx_word' id='word_1_36' title='bbox 742 655 814 696; x_wconf 91' lang='lat' dir='ltr'><strong>esse</strong></span> <span class='ocrx_word' id='word_1_37' title='bbox 840 656 916 697; x_wconf 90' lang='lat' dir='ltr'><strong>cum</strong></span> <span class='ocrx_word' id='word_1_38' title='bbox 938 635 1101 697; x_wconf 88' lang='lat' dir='ltr'><strong>mercibus</strong></span> <span class='ocrx_word' id='word_1_39' title='bbox 1119 638 1297 718; x_wconf 77' lang='lat' dir='ltr'><strong>coemptiS,</strong></span> 
     </span>
     <span class='ocr_line' id='line_1_6' title="bbox 62 743 1300 826; baseline -0.004 -19"><span class='ocrx_word' id='word_1_40' title='bbox 62 765 181 826; x_wconf 92' lang='lat' dir='ltr'><strong>neque</strong></span> <span class='ocrx_word' id='word_1_41' title='bbox 213 756 322 805; x_wconf 86' lang='lat' dir='ltr'><strong>tamen</strong></span> <span class='ocrx_word' id='word_1_42' title='bbox 356 743 484 805; x_wconf 85' lang='lat' dir='ltr'><strong>rediret.</strong></span> <span class='ocrx_word' id='word_1_43' title='bbox 537 744 748 825; x_wconf 82' lang='lat' dir='ltr'>Quamquam</span> <span class='ocrx_word' id='word_1_44' title='bbox 774 744 853 806; x_wconf 92' lang='lat' dir='ltr'><strong>infra</strong></span> <span class='ocrx_word' id='word_1_45' title='bbox 877 766 909 826; x_wconf 91' lang='lat' dir='ltr'><strong>p.</strong></span> <span class='ocrx_word' id='word_1_46' title='bbox 933 748 1035 826; x_wconf 86' lang='lat'><em>927,8</em></span> <span class='ocrx_word' id='word_1_47' title='bbox 1062 755 1078 823; x_wconf 76' lang='grc' dir='ltr'><strong>ν)</strong></span> <span class='ocrx_word' id='word_1_48' title='bbox 1102 754 1163 810; x_wconf 84' lang='grc' dir='ltr'><em>ναῦς</em></span> <span class='ocrx_word' id='word_1_49' title='bbox 1186 752 1212 802; x_wconf 80' lang='grc' dir='ltr'><strong>ἐν</strong></span> <span class='ocrx_word' id='word_1_50' title='bbox 1232 743 1248 822; x_wconf 79' lang='grc' dir='ltr'><em>ᾗ</em></span> <span class='ocrx_word' id='word_1_51' title='bbox 1269 752 1300 802; x_wconf 78' lang='grc' dir='ltr'><strong>ἂν</strong></span> 
     </span>
     <span class='ocr_line' id='line_1_7' title="bbox 60 852 1297 936; baseline 0.003 -24"><span class='ocrx_word' id='word_1_52' title='bbox 60 861 134 932; x_wconf 72' lang='grc' dir='ltr'><em>πλέῃ</em></span> <span class='ocrx_word' id='word_1_53' title='bbox 156 860 189 912; x_wconf 84' lang='grc' dir='ltr'><strong>πὰ</strong></span> <span class='ocrx_word' id='word_1_54' title='bbox 211 862 343 931; x_wconf 75' lang='grc' dir='ltr'><em>χρήματα</em></span> <span class='ocrx_word' id='word_1_55' title='bbox 368 852 528 915; x_wconf 92' lang='lat' dir='ltr'><strong>indicatur</strong></span> <span class='ocrx_word' id='word_1_56' title='bbox 553 854 620 916; x_wconf 89' lang='lat' dir='ltr'><strong>fieri</strong></span> <span class='ocrx_word' id='word_1_57' title='bbox 645 874 744 936; x_wconf 90' lang='lat' dir='ltr'><strong>posse</strong></span> <span class='ocrx_word' id='word_1_58' title='bbox 770 863 805 916; x_wconf 93' lang='lat' dir='ltr'><strong>ut</strong></span> <span class='ocrx_word' id='word_1_59' title='bbox 825 855 887 917; x_wconf 91' lang='lat' dir='ltr'><strong>alia</strong></span> <span class='ocrx_word' id='word_1_60' title='bbox 903 876 986 917; x_wconf 89' lang='lat' dir='ltr'><strong>nave</strong></span> <span class='ocrx_word' id='word_1_61' title='bbox 1003 855 1137 917; x_wconf 90' lang='lat' dir='ltr'><strong>redeant</strong></span> <span class='ocrx_word' id='word_1_62' title='bbox 1154 875 1297 931; x_wconf 78' lang='lat' dir='ltr'><strong>merceS,</strong></span> 
     </span>
     <span class='ocr_line' id='line_1_8' title="bbox 59 944 753 1045; baseline -0.001 -19"><span class='ocrx_word' id='word_1_63' title='bbox 59 964 195 1026; x_wconf 87' lang='lat' dir='ltr'><strong>scilicet</strong></span> <span class='ocrx_word' id='word_1_64' title='bbox 220 963 246 1025; x_wconf 91' lang='lat' dir='ltr'><strong>si</strong></span> <span class='ocrx_word' id='word_1_65' title='bbox 271 965 360 1044; x_wconf 92' lang='lat' dir='ltr'><strong>prior</strong></span> <span class='ocrx_word' id='word_1_66' title='bbox 385 944 514 1025; x_wconf 87' lang='lat' dir='ltr'><strong>fecisset</strong></span> <span class='ocrx_word' id='word_1_67' title='bbox 538 964 753 1045; x_wconf 84' lang='lat' dir='ltr'><strong>naufragium.</strong></span> 
     </span>
    </p>
   </div>
   <div class='ocr_carea' id='block_1_3' title="bbox 122 1060 1181 1154">
    <p class='ocr_par' dir='ltr' id='par_1_4' title="bbox 122 1060 1181 1154">
     <span class='ocr_line' id='line_1_9' title="bbox 122 1060 1181 1154; baseline 0.002 -24"><span class='ocrx_word' id='word_1_68' title='bbox 122 1092 174 1154; x_wconf 81' lang='lat'><strong>13,</strong></span> <span class='ocrx_word' id='word_1_69' title='bbox 223 1060 402 1130; x_wconf 69' lang='grc' dir='ltr'><em>σωθέντων</em></span> <span class='ocrx_word' id='word_1_70' title='bbox 423 1077 458 1130; x_wconf 79' lang='grc' dir='ltr'><strong>δὲ</strong></span> <span class='ocrx_word' id='word_1_71' title='bbox 478 1085 542 1131; x_wconf 70' lang='grc' dir='ltr'><strong>ταῖνΙ</strong></span> <span class='ocrx_word' id='word_1_72' title='bbox 562 1080 753 1150; x_wconf 78' lang='grc' dir='ltr'><em>χρημάτων</em></span> <span class='ocrx_word' id='word_1_73' title='bbox 773 1077 931 1150; x_wconf 67' lang='grc' dir='ltr'><em>Ἀθήναζε</em></span> <span class='ocrx_word' id='word_1_74' title='bbox 951 1083 1181 1134; x_wconf 78' lang='grc' dir='ltr'><em>ἀποδώσουσι-</em></span> 
     </span>
    </p>
   </div>
   <div class='ocr_carea' id='block_1_4' title="bbox 58 1183 1299 4148">
    <p class='ocr_par' dir='ltr' id='par_1_5' title="bbox 59 1183 1299 2463">
     <span class='ocr_line' id='line_1_10' title="bbox 114 1183 1298 1266; baseline 0.004 -23"><span class='ocrx_word' id='word_1_75' title='bbox 114 1188 254 1261; x_wconf 62' lang='lat' dir='ltr'><strong>optentur</strong></span> <span class='ocrx_word' id='word_1_76' title='bbox 285 1183 469 1245; x_wconf 83' lang='lat' dir='ltr'><strong>incolumem</strong></span> <span class='ocrx_word' id='word_1_77' title='bbox 502 1184 622 1260; x_wconf 78' lang='lat' dir='ltr'><strong>redire,</strong></span> <span class='ocrx_word' id='word_1_78' title='bbox 657 1205 788 1264; x_wconf 85' lang='lat' dir='ltr'><strong>semper</strong></span> <span class='ocrx_word' id='word_1_79' title='bbox 812 1184 854 1246; x_wconf 91' lang='lat' dir='ltr'><strong>de</strong></span> <span class='ocrx_word' id='word_1_80' title='bbox 878 1206 960 1248; x_wconf 91' lang='lat' dir='ltr'><strong>nave</strong></span> <span class='ocrx_word' id='word_1_81' title='bbox 987 1203 1040 1266; x_wconf 85' lang='lat'><strong>32.</strong></span> <span class='ocrx_word' id='word_1_82' title='bbox 1047 1200 1083 1265; x_wconf 87' lang='lat'><strong>5;</strong></span> <span class='ocrx_word' id='word_1_83' title='bbox 1112 1188 1150 1262; x_wconf 83' lang='lat'><strong>8;</strong></span> <span class='ocrx_word' id='word_1_84' title='bbox 1180 1185 1278 1266; x_wconf 84' lang='lat'><strong>56,22</strong></span> <span class='ocrx_word' id='word_1_85' title='bbox 1291 1208 1298 1262; x_wconf 91' lang='lat'>;</span> 
     </span>
     <span class='ocr_line' id='line_1_11' title="bbox 63 1292 1299 1379; baseline 0.001 -22"><span class='ocrx_word' id='word_1_86' title='bbox 63 1313 132 1376; x_wconf 87' lang='lat'><strong>32;</strong></span> <span class='ocrx_word' id='word_1_87' title='bbox 160 1294 246 1356; x_wconf 87' lang='lat' dir='ltr'><strong>alibi.</strong></span> <span class='ocrx_word' id='word_1_88' title='bbox 290 1294 390 1356; x_wconf 93' lang='lat' dir='ltr'><strong>Hunc</strong></span> <span class='ocrx_word' id='word_1_89' title='bbox 415 1295 526 1357; x_wconf 90' lang='lat' dir='ltr'><strong>locum</strong></span> <span class='ocrx_word' id='word_1_90' title='bbox 542 1297 678 1376; x_wconf 88' lang='lat' dir='ltr'><strong>arripuit</strong></span> <span class='ocrx_word' id='word_1_91' title='bbox 695 1295 913 1357; x_wconf 89' lang='lat' dir='ltr'><strong>Wachsmuth</strong></span> <span class='ocrx_word' id='word_1_92' title='bbox 932 1292 977 1379; x_wconf 90' lang='lat' dir='ltr'><strong>(u.</strong></span> <span class='ocrx_word' id='word_1_93' title='bbox 996 1317 1021 1359; x_wconf 91' lang='lat' dir='ltr'><strong>s.</strong></span> <span class='ocrx_word' id='word_1_94' title='bbox 1039 1318 1072 1378; x_wconf 92' lang='lat' dir='ltr'><strong>p.</strong></span> <span class='ocrx_word' id='word_1_95' title='bbox 1093 1297 1224 1376; x_wconf 84' lang='lat'>302,2):</span> <span class='ocrx_word' id='word_1_96' title='bbox 1243 1297 1299 1358; x_wconf 88' lang='lat' dir='ltr'><strong>fal-</strong></span> 
     </span>
     <span class='ocr_line' id='line_1_12' title="bbox 61 1405 1297 1488; baseline -0.001 -20"><span class='ocrx_word' id='word_1_97' title='bbox 61 1407 192 1481; x_wconf 87' lang='lat' dir='ltr'><strong>sarius,</strong></span> <span class='ocrx_word' id='word_1_98' title='bbox 219 1407 341 1485; x_wconf 89' lang='lat' dir='ltr'><strong>inquit,</strong></span> <span class='ocrx_word' id='word_1_99' title='bbox 368 1405 535 1467; x_wconf 86' lang='lat' dir='ltr'><strong>infeliciter</strong></span> <span class='ocrx_word' id='word_1_100' title='bbox 559 1405 641 1467; x_wconf 90' lang='lat' dir='ltr'><strong>haec</strong></span> <span class='ocrx_word' id='word_1_101' title='bbox 665 1407 789 1488; x_wconf 90' lang='lat' dir='ltr'><strong>recepit</strong></span> <span class='ocrx_word' id='word_1_102' title='bbox 812 1426 872 1488; x_wconf 91' lang='lat' dir='ltr'><strong>pro</strong></span> <span class='ocrx_word' id='word_1_103' title='bbox 898 1411 1032 1481; x_wconf 62' lang='grc' dir='ltr'><em>σωθείσης</em></span> <span class='ocrx_word' id='word_1_104' title='bbox 1055 1417 1101 1481; x_wconf 78' lang='grc' dir='ltr'><strong>τῆς</strong></span> <span class='ocrx_word' id='word_1_105' title='bbox 1123 1415 1203 1482; x_wconf 80' lang='grc' dir='ltr'><em>νεώς,</em></span> <span class='ocrx_word' id='word_1_106' title='bbox 1222 1427 1297 1469; x_wconf 90' lang='lat' dir='ltr'><strong>nam</strong></span> 
     </span>
     <span class='ocr_line' id='line_1_13' title="bbox 63 1515 1296 1596; baseline -0.002 -19"><span class='ocrx_word' id='word_1_107' title='bbox 63 1533 112 1596; x_wconf 81' lang='lat'><strong>32</strong></span> <span class='ocrx_word' id='word_1_108' title='bbox 116 1531 147 1595; x_wconf 83' lang='grc'><strong>,5</strong></span> <span class='ocrx_word' id='word_1_109' title='bbox 168 1515 301 1596; x_wconf 81' lang='lat' dir='ltr'><strong>legitur:</strong></span> <span class='ocrx_word' id='word_1_110' title='bbox 320 1518 406 1572; x_wconf 78' lang='grc' dir='ltr'><em>οὐσῶν</em></span> <span class='ocrx_word' id='word_1_111' title='bbox 427 1519 456 1572; x_wconf 79' lang='grc' dir='ltr'><strong>δὲ</strong></span> <span class='ocrx_word' id='word_1_112' title='bbox 477 1527 529 1572; x_wconf 79' lang='grc' dir='ltr'><strong>τῶν</strong></span> <span class='ocrx_word' id='word_1_113' title='bbox 548 1527 713 1591; x_wconf 69' lang='grc' dir='ltr'><em>συγγραφῶν</em></span> <span class='ocrx_word' id='word_1_114' title='bbox 727 1521 820 1589; x_wconf 76' lang='grc' dir='ltr'><em>ὥσπερ</em></span> <span class='ocrx_word' id='word_1_115' title='bbox 834 1519 957 1573; x_wconf 77' lang='grc' dir='ltr'><em>εἰώθασιν</em></span> <span class='ocrx_word' id='word_1_116' title='bbox 971 1520 1088 1590; x_wconf 79' lang='grc' dir='ltr'><em>ἅπασαι,</em></span> <span class='ocrx_word' id='word_1_117' title='bbox 1102 1520 1234 1592; x_wconf 58' lang='grc' dir='ltr'><strong>σωθειῖσης</strong></span> <span class='ocrx_word' id='word_1_118' title='bbox 1250 1528 1296 1593; x_wconf 81' lang='grc' dir='ltr'><strong>τῆς</strong></span> 
     </span>
     <span class='ocr_line' id='line_1_14' title="bbox 61 1623 1299 1706; baseline 0.003 -22"><span class='ocrx_word' id='word_1_119' title='bbox 61 1632 134 1690; x_wconf 75' lang='grc' dir='ltr'><em>νεὼς</em></span> <span class='ocrx_word' id='word_1_120' title='bbox 159 1631 302 1682; x_wconf 75' lang='grc' dir='ltr'><em>ἀποδοῦναι</em></span> <span class='ocrx_word' id='word_1_121' title='bbox 322 1629 356 1682; x_wconf 79' lang='grc' dir='ltr'><strong>τὰ</strong></span> <span class='ocrx_word' id='word_1_122' title='bbox 376 1631 525 1702; x_wconf 77' lang='grc' dir='ltr'><strong>χρήματα,</strong></span> <span class='ocrx_word' id='word_1_123' title='bbox 552 1645 697 1706; x_wconf 93' lang='lat' dir='ltr'><strong>quocum</strong></span> <span class='ocrx_word' id='word_1_124' title='bbox 723 1625 762 1688; x_wconf 88' lang='lat' dir='ltr'><strong>cf.</strong></span> <span class='ocrx_word' id='word_1_125' title='bbox 790 1643 865 1705; x_wconf 78' lang='grc'><strong>343</strong></span> <span class='ocrx_word' id='word_1_126' title='bbox 872 1643 902 1705; x_wconf 85' lang='lat'><strong>3.</strong></span> <span class='ocrx_word' id='word_1_127' title='bbox 945 1623 1011 1687; x_wconf 89' lang='lat' dir='ltr'><strong>Sed</strong></span> <span class='ocrx_word' id='word_1_128' title='bbox 1029 1627 1102 1706; x_wconf 91' lang='lat' dir='ltr'><strong>quis</strong></span> <span class='ocrx_word' id='word_1_129' title='bbox 1120 1626 1151 1687; x_wconf 93' lang='lat' dir='ltr'><strong>in</strong></span> <span class='ocrx_word' id='word_1_130' title='bbox 1170 1634 1299 1688; x_wconf 92' lang='lat' dir='ltr'><strong>oratore</strong></span> 
     </span>
     <span class='ocr_line' id='line_1_15' title="bbox 63 1735 1297 1819; baseline 0.002 -22"><span class='ocrx_word' id='word_1_131' title='bbox 63 1755 123 1797; x_wconf 87' lang='lat' dir='ltr'><strong>res</strong></span> <span class='ocrx_word' id='word_1_132' title='bbox 156 1736 341 1797; x_wconf 91' lang='lat' dir='ltr'><strong>necessario</strong></span> <span class='ocrx_word' id='word_1_133' title='bbox 373 1737 506 1817; x_wconf 87' lang='lat' dir='ltr'><strong>augenti</strong></span> <span class='ocrx_word' id='word_1_134' title='bbox 540 1735 620 1798; x_wconf 94' lang='lat' dir='ltr'><strong>illud</strong></span> <span class='ocrx_word' id='word_1_135' title='bbox 654 1741 754 1795; x_wconf 80' lang='grc' dir='ltr'><em>ἅπασαι</em></span> <span class='ocrx_word' id='word_1_136' title='bbox 783 1745 851 1799; x_wconf 91' lang='lat' dir='ltr'><strong>tam</strong></span> <span class='ocrx_word' id='word_1_137' title='bbox 876 1738 986 1798; x_wconf 91' lang='lat' dir='ltr'><strong>stricte</strong></span> <span class='ocrx_word' id='word_1_138' title='bbox 1011 1737 1297 1819; x_wconf 88' lang='lat' dir='ltr'><strong>interpretabitur?</strong></span> 
     </span>
     <span class='ocr_line' id='line_1_16' title="bbox 64 1842 1296 1930; baseline 0.002 -23"><span class='ocrx_word' id='word_1_139' title='bbox 64 1847 192 1927; x_wconf 90' lang='lat' dir='ltr'><strong>Neque</strong></span> <span class='ocrx_word' id='word_1_140' title='bbox 217 1866 347 1928; x_wconf 90' lang='lat' dir='ltr'><strong>semper</strong></span> <span class='ocrx_word' id='word_1_141' title='bbox 372 1842 513 1929; x_wconf 83' lang='lat' dir='ltr'><strong>(Bockh.</strong></span> <span class='ocrx_word' id='word_1_142' title='bbox 540 1847 555 1907; x_wconf 95' lang='lat' dir='ltr'>I</span> <span class='ocrx_word' id='word_1_143' title='bbox 587 1846 663 1928; x_wconf 83' lang='lat'>166)</span> <span class='ocrx_word' id='word_1_144' title='bbox 683 1848 774 1909; x_wconf 91' lang='lat' dir='ltr'><strong>navis</strong></span> <span class='ocrx_word' id='word_1_145' title='bbox 791 1868 926 1930; x_wconf 91' lang='lat' dir='ltr'><strong>quoque</strong></span> <span class='ocrx_word' id='word_1_146' title='bbox 943 1847 1107 1929; x_wconf 83' lang='lat' dir='ltr'><strong>obligatur</strong></span> <span class='ocrx_word' id='word_1_147' title='bbox 1125 1848 1277 1910; x_wconf 85' lang='lat' dir='ltr'><strong>creditori</strong></span> <span class='ocrx_word' id='word_1_148' title='bbox 1289 1871 1296 1924; x_wconf 87' lang='lat'>;</span> 
     </span>
     <span class='ocr_line' id='line_1_17' title="bbox 63 1956 1296 2040; baseline 0.001 -22"><span class='ocrx_word' id='word_1_149' title='bbox 63 1967 107 2019; x_wconf 91' lang='lat' dir='ltr'><strong>ut</strong></span> <span class='ocrx_word' id='word_1_150' title='bbox 132 1957 212 2019; x_wconf 88' lang='lat' dir='ltr'><strong>infra</strong></span> <span class='ocrx_word' id='word_1_151' title='bbox 237 1960 252 2035; x_wconf 66' lang='grc' dir='ltr'><strong>ξ</strong></span> <span class='ocrx_word' id='word_1_152' title='bbox 280 1974 321 2037; x_wconf 86' lang='lat'><strong>32</strong></span> <span class='ocrx_word' id='word_1_153' title='bbox 347 1956 532 2018; x_wconf 91' lang='lat' dir='ltr'><strong>videbimus</strong></span> <span class='ocrx_word' id='word_1_154' title='bbox 556 1956 637 2019; x_wconf 90' lang='lat' dir='ltr'><strong>alios</strong></span> <span class='ocrx_word' id='word_1_155' title='bbox 663 1960 837 2039; x_wconf 89' lang='lat' dir='ltr'><strong>pecuniam</strong></span> <span class='ocrx_word' id='word_1_156' title='bbox 862 1978 934 2020; x_wconf 90' lang='lat' dir='ltr'><strong>esse</strong></span> <span class='ocrx_word' id='word_1_157' title='bbox 957 1966 1124 2020; x_wconf 88' lang='lat' dir='ltr'><strong>mutuatos</strong></span> <span class='ocrx_word' id='word_1_158' title='bbox 1142 1960 1174 2019; x_wconf 95' lang='lat' dir='ltr'><strong>in</strong></span> <span class='ocrx_word' id='word_1_159' title='bbox 1191 1960 1296 2040; x_wconf 91' lang='lat' dir='ltr'><strong>ipsam</strong></span> 
     </span>
     <span class='ocr_line' id='line_1_18' title="bbox 59 2068 1295 2152; baseline 0 -21"><span class='ocrx_word' id='word_1_160' title='bbox 59 2088 204 2143; x_wconf 90' lang='lat' dir='ltr'><strong>navem,</strong></span> <span class='ocrx_word' id='word_1_161' title='bbox 230 2068 312 2129; x_wconf 92' lang='lat' dir='ltr'><strong>alios</strong></span> <span class='ocrx_word' id='word_1_162' title='bbox 338 2068 369 2129; x_wconf 92' lang='lat' dir='ltr'><strong>in</strong></span> <span class='ocrx_word' id='word_1_163' title='bbox 395 2088 520 2128; x_wconf 87' lang='lat' dir='ltr'><strong>merces</strong></span> <span class='ocrx_word' id='word_1_164' title='bbox 545 2069 770 2150; x_wconf 88' lang='lat' dir='ltr'><strong>imponendas.</strong></span> <span class='ocrx_word' id='word_1_165' title='bbox 821 2068 910 2130; x_wconf 90' lang='lat' dir='ltr'><strong>Bene</strong></span> <span class='ocrx_word' id='word_1_166' title='bbox 931 2078 1041 2130; x_wconf 91' lang='lat' dir='ltr'><strong>autem</strong></span> <span class='ocrx_word' id='word_1_167' title='bbox 1059 2068 1232 2131; x_wconf 92' lang='lat' dir='ltr'><strong>Thalheim</strong></span> <span class='ocrx_word' id='word_1_168' title='bbox 1250 2071 1295 2152; x_wconf 93' lang='lat' dir='ltr'><strong>(u.</strong></span> 
     </span>
     <span class='ocr_line' id='line_1_19' title="bbox 60 2179 1296 2263; baseline 0 -22"><span class='ocrx_word' id='word_1_169' title='bbox 60 2201 91 2242; x_wconf 86' lang='lat' dir='ltr'><strong>S.</strong></span> <span class='ocrx_word' id='word_1_170' title='bbox 120 2200 153 2260; x_wconf 90' lang='lat' dir='ltr'><strong>p.</strong></span> <span class='ocrx_word' id='word_1_171' title='bbox 181 2179 262 2263; x_wconf 83' lang='lat'>341)</span> <span class='ocrx_word' id='word_1_172' title='bbox 295 2187 407 2239; x_wconf 90' lang='lat' dir='ltr'><strong>monet</strong></span> <span class='ocrx_word' id='word_1_173' title='bbox 440 2181 455 2256; x_wconf 67' lang='grc' dir='ltr'><strong>ξ</strong></span> <span class='ocrx_word' id='word_1_174' title='bbox 491 2195 534 2258; x_wconf 91' lang='grc' dir='ltr'><strong>3ο</strong></span> <span class='ocrx_word' id='word_1_175' title='bbox 568 2179 735 2240; x_wconf 87' lang='lat' dir='ltr'><strong>Lacritum</strong></span> <span class='ocrx_word' id='word_1_176' title='bbox 768 2180 874 2260; x_wconf 91' lang='lat' dir='ltr'><strong>primo</strong></span> <span class='ocrx_word' id='word_1_177' title='bbox 907 2188 1034 2240; x_wconf 88' lang='lat' dir='ltr'><strong>tantum</strong></span> <span class='ocrx_word' id='word_1_178' title='bbox 1067 2180 1108 2240; x_wconf 95' lang='lat' dir='ltr'><strong>de</strong></span> <span class='ocrx_word' id='word_1_179' title='bbox 1133 2181 1296 2242; x_wconf 90' lang='lat' dir='ltr'><strong>mercibus</strong></span> 
     </span>
     <span class='ocr_line' id='line_1_20' title="bbox 59 2289 1295 2371; baseline -0.001 -18"><span class='ocrx_word' id='word_1_180' title='bbox 59 2291 159 2371; x_wconf 93' lang='lat' dir='ltr'><strong>loqui</strong></span> <span class='ocrx_word' id='word_1_181' title='bbox 185 2289 304 2370; x_wconf 91' lang='lat' dir='ltr'><strong>quibus</strong></span> <span class='ocrx_word' id='word_1_182' title='bbox 329 2290 456 2351; x_wconf 90' lang='lat' dir='ltr'><strong>amissis</strong></span> <span class='ocrx_word' id='word_1_183' title='bbox 482 2289 579 2351; x_wconf 92' lang='lat' dir='ltr'><strong>soluti</strong></span> <span class='ocrx_word' id='word_1_184' title='bbox 604 2289 717 2351; x_wconf 88' lang='lat' dir='ltr'><strong>fratres</strong></span> <span class='ocrx_word' id='word_1_185' title='bbox 743 2291 806 2351; x_wconf 91' lang='lat' dir='ltr'><strong>sint</strong></span> <span class='ocrx_word' id='word_1_186' title='bbox 827 2289 1045 2371; x_wconf 88' lang='lat' dir='ltr'><strong>obligatione-;</strong></span> <span class='ocrx_word' id='word_1_187' title='bbox 1064 2291 1095 2351; x_wconf 91' lang='lat' dir='ltr'><strong>in</strong></span> <span class='ocrx_word' id='word_1_188' title='bbox 1113 2291 1295 2352; x_wconf 88' lang='lat' dir='ltr'><strong>secundum</strong></span> 
     </span>
     <span class='ocr_line' id='line_1_21' title="bbox 60 2399 692 2463; baseline -0.003 0"><span class='ocrx_word' id='word_1_189' title='bbox 60 2402 203 2463; x_wconf 90' lang='lat' dir='ltr'><strong>demum</strong></span> <span class='ocrx_word' id='word_1_190' title='bbox 228 2399 338 2461; x_wconf 90' lang='lat' dir='ltr'><strong>locum</strong></span> <span class='ocrx_word' id='word_1_191' title='bbox 362 2420 478 2461; x_wconf 92' lang='lat' dir='ltr'><strong>navem</strong></span> <span class='ocrx_word' id='word_1_192' title='bbox 504 2400 692 2461; x_wconf 91' lang='lat' dir='ltr'><strong>succedere.</strong></span> 
     </span>
    </p>

    <p class='ocr_par' dir='ltr' id='par_1_6' title="bbox 58 2505 1295 2813">
     <span class='ocr_line' id='line_1_22' title="bbox 114 2505 1295 2592; baseline -0.001 -19"><span class='ocrx_word' id='word_1_193' title='bbox 114 2510 150 2573; x_wconf 87' lang='lat' dir='ltr'><strong>Si</strong></span> <span class='ocrx_word' id='word_1_194' title='bbox 183 2518 310 2581; x_wconf 78' lang='grc' dir='ltr'><em>δάνεισμα</em></span> <span class='ocrx_word' id='word_1_195' title='bbox 342 2505 392 2572; x_wconf 70' lang='grc' dir='ltr'><strong>εὲῖ</strong></span> <span class='ocrx_word' id='word_1_196' title='bbox 422 2516 602 2586; x_wconf 74' lang='grc' dir='ltr'><em>ἑτερόπλουν,</em></span> <span class='ocrx_word' id='word_1_197' title='bbox 638 2510 780 2572; x_wconf 89' lang='lat' dir='ltr'><strong>creditor</strong></span> <span class='ocrx_word' id='word_1_198' title='bbox 812 2518 869 2572; x_wconf 90' lang='lat' dir='ltr'><strong>aut</strong></span> <span class='ocrx_word' id='word_1_199' title='bbox 900 2511 971 2592; x_wconf 93' lang='lat' dir='ltr'><strong>ipse</strong></span> <span class='ocrx_word' id='word_1_200' title='bbox 1004 2512 1035 2572; x_wconf 93' lang='lat' dir='ltr'><strong>in</strong></span> <span class='ocrx_word' id='word_1_201' title='bbox 1061 2531 1142 2572; x_wconf 92' lang='lat' dir='ltr'><strong>nave</strong></span> <span class='ocrx_word' id='word_1_202' title='bbox 1166 2509 1295 2573; x_wconf 90' lang='lat' dir='ltr'><strong>vehitur</strong></span> 
     </span>
     <span class='ocr_line' id='line_1_23' title="bbox 60 2621 1293 2707; baseline -0.001 -23"><span class='ocrx_word' id='word_1_203' title='bbox 60 2621 216 2707; x_wconf 81' lang='lat'><strong>(52,20),</strong></span> <span class='ocrx_word' id='word_1_204' title='bbox 250 2631 307 2683; x_wconf 92' lang='lat' dir='ltr'><strong>aut</strong></span> <span class='ocrx_word' id='word_1_205' title='bbox 339 2623 371 2683; x_wconf 92' lang='lat' dir='ltr'><strong>in</strong></span> <span class='ocrx_word' id='word_1_206' title='bbox 404 2629 501 2703; x_wconf 93' lang='lat' dir='ltr'><strong>portu</strong></span> <span class='ocrx_word' id='word_1_207' title='bbox 536 2621 697 2683; x_wconf 91' lang='lat' dir='ltr'><strong>destinato</strong></span> <span class='ocrx_word' id='word_1_208' title='bbox 731 2621 801 2682; x_wconf 91' lang='lat' dir='ltr'><strong>eius</strong></span> <span class='ocrx_word' id='word_1_209' title='bbox 831 2622 963 2702; x_wconf 87' lang='lat' dir='ltr'><strong>negotia</strong></span> <span class='ocrx_word' id='word_1_210' title='bbox 987 2629 1141 2703; x_wconf 91' lang='lat' dir='ltr'><strong>procurat</strong></span> <span class='ocrx_word' id='word_1_211' title='bbox 1166 2623 1293 2698; x_wconf 78' lang='lat' dir='ltr'><strong>sociuS,</strong></span> 
     </span>
     <span class='ocr_line' id='line_1_24' title="bbox 58 2731 1097 2813; baseline -0.002 -17"><span class='ocrx_word' id='word_1_212' title='bbox 58 2742 123 2797; x_wconf 91' lang='lat' dir='ltr'><strong>aut</strong></span> <span class='ocrx_word' id='word_1_213' title='bbox 149 2733 287 2794; x_wconf 88' lang='lat' dir='ltr'><strong>mittitur</strong></span> <span class='ocrx_word' id='word_1_214' title='bbox 310 2732 429 2813; x_wconf 92' lang='lat' dir='ltr'><strong>aliquis</strong></span> <span class='ocrx_word' id='word_1_215' title='bbox 453 2731 495 2793; x_wconf 95' lang='lat' dir='ltr'><strong>ad</strong></span> <span class='ocrx_word' id='word_1_216' title='bbox 520 2733 640 2813; x_wconf 87' lang='lat' dir='ltr'><strong>pignus</strong></span> <span class='ocrx_word' id='word_1_217' title='bbox 665 2731 889 2793; x_wconf 89' lang='lat' dir='ltr'><strong>comitandum</strong></span> <span class='ocrx_word' id='word_1_218' title='bbox 917 2733 1015 2810; x_wconf 87' lang='grc'>34,8;</span> <span class='ocrx_word' id='word_1_219' title='bbox 1044 2731 1097 2794; x_wconf 88' lang='lat'><strong>26.</strong></span> 
     </span>
    </p>

    <p class='ocr_par' dir='ltr' id='par_1_7' title="bbox 59 2842 1294 3145">
     <span class='ocr_line' id='line_1_25' title="bbox 120 2842 1294 2927; baseline -0.004 -22"><span class='ocrx_word' id='word_1_220' title='bbox 120 2862 170 2921; x_wconf 84' lang='grc'>14.</span> <span class='ocrx_word' id='word_1_221' title='bbox 210 2842 252 2905; x_wconf 88' lang='lat' dir='ltr'><strong>ad</strong></span> <span class='ocrx_word' id='word_1_222' title='bbox 270 2843 521 2905; x_wconf 75' lang='lat' dir='ltr'><strong>collocationem</strong></span> <span class='ocrx_word' id='word_1_223' title='bbox 537 2842 713 2905; x_wconf 82' lang='lat' dir='ltr'><strong>verborum</strong></span> <span class='ocrx_word' id='word_1_224' title='bbox 733 2849 771 2899; x_wconf 84' lang='grc' dir='ltr'><strong>τὸ</strong></span> <span class='ocrx_word' id='word_1_225' title='bbox 788 2848 989 2918; x_wconf 70' lang='grc' dir='ltr'><em>γιγνόμενον</em></span> <span class='ocrx_word' id='word_1_226' title='bbox 1007 2848 1083 2927; x_wconf 70' lang='grc' dir='ltr'><strong>ἀργ.Ι</strong></span> <span class='ocrx_word' id='word_1_227' title='bbox 1099 2847 1183 2899; x_wconf 79' lang='grc' dir='ltr'><em>κατὰ</em></span> <span class='ocrx_word' id='word_1_228' title='bbox 1199 2848 1294 2917; x_wconf 84' lang='grc' dir='ltr'><em>τὴνσ.</em></span> 
     </span>
     <span class='ocr_line' id='line_1_26' title="bbox 61 2950 1294 3033; baseline -0.003 -17"><span class='ocrx_word' id='word_1_229' title='bbox 61 2956 104 3017; x_wconf 92' lang='lat' dir='ltr'><strong>cf.</strong></span> <span class='ocrx_word' id='word_1_230' title='bbox 139 2955 278 3030; x_wconf 77' lang='lat'>18‚2203</span> <span class='ocrx_word' id='word_1_231' title='bbox 311 2969 450 3033; x_wconf 85' lang='lat'>19,174;</span> <span class='ocrx_word' id='word_1_232' title='bbox 479 2952 600 3030; x_wconf 81' lang='lat'><strong>24,26;</strong></span> <span class='ocrx_word' id='word_1_233' title='bbox 633 2952 786 3015; x_wconf 88' lang='lat' dir='ltr'><strong>Schoem.</strong></span> <span class='ocrx_word' id='word_1_234' title='bbox 812 2951 854 3014; x_wconf 94' lang='lat' dir='ltr'><strong>ad</strong></span> <span class='ocrx_word' id='word_1_235' title='bbox 880 2953 962 3014; x_wconf 91' lang='lat' dir='ltr'><strong>lsae.</strong></span> <span class='ocrx_word' id='word_1_236' title='bbox 994 2968 1087 3027; x_wconf 87' lang='lat'>1,22;</span> <span class='ocrx_word' id='word_1_237' title='bbox 1114 2950 1294 3013; x_wconf 85' lang='lat' dir='ltr'><strong>Schneider</strong></span> 
     </span>
     <span class='ocr_line' id='line_1_27' title="bbox 59 3061 846 3145; baseline -0.005 -17"><span class='ocrx_word' id='word_1_238' title='bbox 59 3066 108 3129; x_wconf 91' lang='lat' dir='ltr'><strong>ad</strong></span> <span class='ocrx_word' id='word_1_239' title='bbox 136 3066 236 3127; x_wconf 92' lang='lat' dir='ltr'><strong>lsocr.</strong></span> <span class='ocrx_word' id='word_1_240' title='bbox 268 3081 362 3144; x_wconf 86' lang='lat'>1,29;</span> <span class='ocrx_word' id='word_1_241' title='bbox 389 3064 496 3145; x_wconf 82' lang='lat' dir='ltr'><strong>Kriig.</strong></span> <span class='ocrx_word' id='word_1_242' title='bbox 524 3061 669 3126; x_wconf 92' lang='lat' dir='ltr'><strong>Gramm.</strong></span> <span class='ocrx_word' id='word_1_243' title='bbox 700 3077 846 3142; x_wconf 86' lang='lat'><strong>50,10,2.</strong></span> 
     </span>
    </p>

    <p class='ocr_par' dir='ltr' id='par_1_8' title="bbox 60 3172 1295 3817">
     <span class='ocr_line' id='line_1_28' title="bbox 120 3172 1294 3255; baseline -0.005 -17"><span class='ocrx_word' id='word_1_244' title='bbox 120 3190 170 3254; x_wconf 85' lang='lat'><strong>15.</strong></span> <span class='ocrx_word' id='word_1_245' title='bbox 219 3183 358 3253; x_wconf 76' lang='grc' dir='ltr'><em>ήμερων</em></span> <span class='ocrx_word' id='word_1_246' title='bbox 377 3176 512 3232; x_wconf 79' lang='grc' dir='ltr'><em>εἴκοσιν.</em></span> <span class='ocrx_word' id='word_1_247' title='bbox 554 3174 648 3236; x_wconf 90' lang='lat' dir='ltr'><strong>Haec</strong></span> <span class='ocrx_word' id='word_1_248' title='bbox 673 3175 743 3236; x_wconf 90' lang='lat' dir='ltr'><strong>dies</strong></span> <span class='ocrx_word' id='word_1_249' title='bbox 768 3172 944 3235; x_wconf 91' lang='lat' dir='ltr'><strong>solvendae</strong></span> <span class='ocrx_word' id='word_1_250' title='bbox 968 3173 1127 3255; x_wconf 90' lang='lat' dir='ltr'><strong>pecuniae</strong></span> <span class='ocrx_word' id='word_1_251' title='bbox 1152 3172 1294 3234; x_wconf 88' lang='lat' dir='ltr'><strong>creditae</strong></span> 
     </span>
     <span class='ocr_line' id='line_1_29' title="bbox 60 3283 1291 3366; baseline -0.005 -14"><span class='ocrx_word' id='word_1_252' title='bbox 60 3293 97 3352; x_wconf 93' lang='lat' dir='ltr'><strong>in</strong></span> <span class='ocrx_word' id='word_1_253' title='bbox 129 3287 226 3349; x_wconf 92' lang='lat' dir='ltr'><strong>rebus</strong></span> <span class='ocrx_word' id='word_1_254' title='bbox 251 3287 452 3348; x_wconf 88' lang='lat' dir='ltr'><strong>mercatoriis</strong></span> <span class='ocrx_word' id='word_1_255' title='bbox 478 3287 575 3348; x_wconf 89' lang='lat' dir='ltr'><strong>etiam</strong></span> <span class='ocrx_word' id='word_1_256' title='bbox 602 3285 771 3347; x_wconf 88' lang='lat' dir='ltr'><strong>Iustiniani</strong></span> <span class='ocrx_word' id='word_1_257' title='bbox 796 3294 945 3366; x_wconf 86' lang='lat' dir='ltr'><strong>tempore</strong></span> <span class='ocrx_word' id='word_1_258' title='bbox 970 3284 1213 3346; x_wconf 89' lang='lat' dir='ltr'><strong>observabatur.</strong></span> <span class='ocrx_word' id='word_1_259' title='bbox 1252 3283 1291 3346; x_wconf 89' lang='lat' dir='ltr'><strong>cf.</strong></span> 
     </span>
     <span class='ocr_line' id='line_1_30' title="bbox 62 3395 1293 3463; baseline -0.005 -1"><span class='ocrx_word' id='word_1_260' title='bbox 62 3400 155 3463; x_wconf 92' lang='lat' dir='ltr'><strong>Nov.</strong></span> <span class='ocrx_word' id='word_1_261' title='bbox 187 3397 249 3460; x_wconf 86' lang='lat'><strong>106</strong></span> <span class='ocrx_word' id='word_1_262' title='bbox 275 3406 308 3458; x_wconf 89' lang='lat' dir='ltr'><strong>et</strong></span> <span class='ocrx_word' id='word_1_263' title='bbox 337 3414 410 3458; x_wconf 91' lang='lat'><strong>110.</strong></span> <span class='ocrx_word' id='word_1_264' title='bbox 438 3397 478 3458; x_wconf 89' lang='lat' dir='ltr'><strong>de</strong></span> <span class='ocrx_word' id='word_1_265' title='bbox 496 3397 610 3459; x_wconf 90' lang='lat' dir='ltr'><strong>Vries:</strong></span> <span class='ocrx_word' id='word_1_266' title='bbox 631 3397 684 3458; x_wconf 93' lang='lat' dir='ltr'><strong>De</strong></span> <span class='ocrx_word' id='word_1_267' title='bbox 701 3397 861 3458; x_wconf 89' lang='lat' dir='ltr'><strong>Foenoris</strong></span> <span class='ocrx_word' id='word_1_268' title='bbox 879 3397 999 3457; x_wconf 90' lang='lat' dir='ltr'><strong>nautici</strong></span> <span class='ocrx_word' id='word_1_269' title='bbox 1017 3402 1205 3456; x_wconf 91' lang='lat' dir='ltr'><strong>conctractu</strong></span> <span class='ocrx_word' id='word_1_270' title='bbox 1224 3395 1293 3456; x_wconf 90' lang='lat' dir='ltr'><strong>iure</strong></span> 
     </span>
     <span class='ocr_line' id='line_1_31' title="bbox 60 3505 1295 3594; baseline -0.006 -21"><span class='ocrx_word' id='word_1_271' title='bbox 60 3512 166 3575; x_wconf 90' lang='lat' dir='ltr'><strong>attico</strong></span> <span class='ocrx_word' id='word_1_272' title='bbox 198 3508 317 3594; x_wconf 84' lang='lat'><em>(1842)</em></span> <span class='ocrx_word' id='word_1_273' title='bbox 350 3530 382 3591; x_wconf 92' lang='lat' dir='ltr'><strong>p.</strong></span> <span class='ocrx_word' id='word_1_274' title='bbox 419 3510 474 3587; x_wconf 91' lang='lat'><strong>98.</strong></span> <span class='ocrx_word' id='word_1_275' title='bbox 525 3508 602 3569; x_wconf 93' lang='lat' dir='ltr'><strong>Non</strong></span> <span class='ocrx_word' id='word_1_276' title='bbox 634 3527 707 3569; x_wconf 94' lang='lat' dir='ltr'><strong>raro</strong></span> <span class='ocrx_word' id='word_1_277' title='bbox 739 3511 864 3575; x_wconf 76' lang='grc' dir='ltr'><em>ἐπιτίμων</em></span> <span class='ocrx_word' id='word_1_278' title='bbox 893 3505 1060 3587; x_wconf 90' lang='lat' dir='ltr'><strong>quoddam</strong></span> <span class='ocrx_word' id='word_1_279' title='bbox 1086 3505 1295 3566; x_wconf 89' lang='lat' dir='ltr'><strong>constituitur</strong></span> 
     </span>
     <span class='ocr_line' id='line_1_32' title="bbox 62 3614 1291 3698; baseline -0.007 -14"><span class='ocrx_word' id='word_1_280' title='bbox 62 3623 127 3685; x_wconf 88' lang='lat' dir='ltr'><strong>nisi</strong></span> <span class='ocrx_word' id='word_1_281' title='bbox 165 3623 247 3683; x_wconf 91' lang='lat' dir='ltr'><strong>intra</strong></span> <span class='ocrx_word' id='word_1_282' title='bbox 283 3628 404 3681; x_wconf 88' lang='lat' dir='ltr'><strong>certam</strong></span> <span class='ocrx_word' id='word_1_283' title='bbox 439 3619 525 3680; x_wconf 91' lang='lat' dir='ltr'><strong>diem</strong></span> <span class='ocrx_word' id='word_1_284' title='bbox 559 3617 705 3680; x_wconf 91' lang='lat' dir='ltr'><strong>solutum</strong></span> <span class='ocrx_word' id='word_1_285' title='bbox 737 3618 832 3679; x_wconf 88' lang='lat' dir='ltr'><strong>fuerit</strong></span> <span class='ocrx_word' id='word_1_286' title='bbox 864 3616 1025 3679; x_wconf 90' lang='lat' dir='ltr'><strong>creditum</strong></span> <span class='ocrx_word' id='word_1_287' title='bbox 1058 3614 1192 3698; x_wconf 82' lang='lat'><strong>(34,26;</strong></span> <span class='ocrx_word' id='word_1_288' title='bbox 1230 3631 1291 3695; x_wconf 85' lang='lat'><strong>33;</strong></span> 
     </span>
     <span class='ocr_line' id='line_1_33' title="bbox 66 3729 768 3817; baseline -0.003 -23"><span class='ocrx_word' id='word_1_289' title='bbox 66 3731 202 3817; x_wconf 82' lang='lat'><strong>56,38),</strong></span> <span class='ocrx_word' id='word_1_290' title='bbox 228 3731 280 3793; x_wconf 90' lang='lat' dir='ltr'><strong>vel</strong></span> <span class='ocrx_word' id='word_1_291' title='bbox 305 3730 398 3792; x_wconf 87' lang='lat' dir='ltr'><strong>aliter</strong></span> <span class='ocrx_word' id='word_1_292' title='bbox 421 3731 606 3812; x_wconf 87' lang='lat' dir='ltr'><strong>peccaverit</strong></span> <span class='ocrx_word' id='word_1_293' title='bbox 631 3729 768 3792; x_wconf 92' lang='lat' dir='ltr'><strong>debitor.</strong></span> 
     </span>
    </p>

    <p class='ocr_par' dir='ltr' id='par_1_9' title="bbox 63 3838 1299 4148">
     <span class='ocr_line' id='line_1_34' title="bbox 120 3838 1291 3919; baseline -0.007 -13"><span class='ocrx_word' id='word_1_294' title='bbox 120 3843 169 3906; x_wconf 88' lang='lat'><strong>16.</strong></span> <span class='ocrx_word' id='word_1_295' title='bbox 219 3848 327 3918; x_wconf 78' lang='grc' dir='ltr'><strong><em>ἀφ’ῆς</em></strong></span> <span class='ocrx_word' id='word_1_296' title='bbox 355 3841 466 3903; x_wconf 87' lang='lat' dir='ltr'><strong>durior</strong></span> <span class='ocrx_word' id='word_1_297' title='bbox 490 3841 656 3916; x_wconf 88' lang='lat' dir='ltr'><strong>attractio;</strong></span> <span class='ocrx_word' id='word_1_298' title='bbox 684 3840 722 3903; x_wconf 91' lang='lat' dir='ltr'><strong>cf.</strong></span> <span class='ocrx_word' id='word_1_299' title='bbox 755 3838 870 3915; x_wconf 89' lang='lat'>18‚26;</span> <span class='ocrx_word' id='word_1_300' title='bbox 902 3857 984 3919; x_wconf 84' lang='lat'>134;</span> <span class='ocrx_word' id='word_1_301' title='bbox 1006 3851 1149 3917; x_wconf 83' lang='lat'><strong>21,155;</strong></span> <span class='ocrx_word' id='word_1_302' title='bbox 1171 3853 1291 3916; x_wconf 89' lang='lat'>22‚30;</span> 
     </span>
     <span class='ocr_line' id='line_1_35' title="bbox 65 3948 1299 4037; baseline -0.007 -18"><span class='ocrx_word' id='word_1_303' title='bbox 65 3973 189 4037; x_wconf 87' lang='lat'>29‚14;</span> <span class='ocrx_word' id='word_1_304' title='bbox 215 3960 314 4015; x_wconf 78' lang='grc' dir='ltr'><strong>ε”λιλωσι</strong></span> <span class='ocrx_word' id='word_1_305' title='bbox 338 3955 379 4016; x_wconf 94' lang='lat' dir='ltr'><strong>de</strong></span> <span class='ocrx_word' id='word_1_306' title='bbox 407 3953 524 4016; x_wconf 89' lang='lat' dir='ltr'><strong>reditu.</strong></span> <span class='ocrx_word' id='word_1_307' title='bbox 574 3952 708 4034; x_wconf 82' lang='lat' dir='ltr'><strong>Krilger</strong></span> <span class='ocrx_word' id='word_1_308' title='bbox 731 3952 773 4014; x_wconf 95' lang='lat' dir='ltr'><strong>ad</strong></span> <span class='ocrx_word' id='word_1_309' title='bbox 797 3950 903 4014; x_wconf 87' lang='lat' dir='ltr'><strong>Thuc.</strong></span> <span class='ocrx_word' id='word_1_310' title='bbox 934 3966 1079 4030; x_wconf 88' lang='lat'><strong>1,117,2.</strong></span> <span class='ocrx_word' id='word_1_311' title='bbox 1131 3948 1299 4011; x_wconf 88' lang='lat' dir='ltr'><strong>Heindorf</strong></span> 
     </span>
     <span class='ocr_line' id='line_1_36' title="bbox 63 4050 575 4148; baseline -0.008 -16"><span class='ocrx_word' id='word_1_312' title='bbox 63 4069 108 4132; x_wconf 93' lang='lat' dir='ltr'><strong>ad</strong></span> <span class='ocrx_word' id='word_1_313' title='bbox 133 4050 258 4132; x_wconf 73' lang='lat' dir='ltr'><strong>Platon.</strong></span> <span class='ocrx_word' id='word_1_314' title='bbox 286 4067 416 4148; x_wconf 85' lang='lat' dir='ltr'><strong>Protag.</strong></span> <span class='ocrx_word' id='word_1_315' title='bbox 446 4083 512 4146; x_wconf 84' lang='lat'><strong>310</strong></span> <span class='ocrx_word' id='word_1_316' title='bbox 539 4063 575 4128; x_wconf 87' lang='lat' dir='ltr'><strong>C.</strong></span> 
     </span>
    </p>
   </div>
   <div class='ocr_carea' id='block_1_5' title="bbox 0 0 1508 5296">
    <p class='ocr_par' dir='ltr' id='par_1_10' title="bbox 0 0 1508 5296">
     <span class='ocr_line' id='line_1_37' title="bbox 0 0 1508 5296; baseline 0 0"><span class='ocrx_word' id='word_1_317' title='bbox 0 0 1508 5296; x_wconf 95' lang='lat' dir='ltr'><strong> </strong></span> 
     </span>
    </p>
   </div>
  </div>
 </body>
</html>
