3008 5296
726 509 768 583 78

135 720 247 762 severe
280 700 454 763 cavebatur
478 699 606 781 legibus
632 720 672 761 ne
697 701 771 780 quis
796 707 984 781 exportaret
1008 700 1207 762 frumentum
1232 699 1360 782 (Schol.

134 811 177 872 ad
204 810 358 896 24,136),
384 821 483 892 atque
510 818 544 872 ut
568 809 789 871 Athenienses
814 810 929 871 saltem
947 819 1143 872 mercatores
1161 810 1363 871 frumentum

134 919 343 983 adveherent.
393 922 643 1002 Peregrinorum
676 920 773 981 etiam
806 940 904 981 naves
936 920 1164 982 frumentariae
1197 921 1223 980 si
1253 921 1287 981 in
1313 920 1364 980 Pi-

135 1051 246 1092 raeum
263 1032 505 1113 appellerentur
522 1029 684 1091 debebant
701 1029 783 1090 duas
801 1031 908 1090 oneris
925 1038 1034 1111 partes
1048 1050 1225 1111 exponere.
1253 1029 1363 1111 Harp.

136 1161 161 1203 S.
187 1162 217 1202 V.
243 1144 400 1215 ἐπιμελητὴς
422 1144 562 1214 ἐμπορίου.
584 1138 699 1200 Bllckh
726 1160 757 1201 u.
784 1159 810 1201 S.
836 1159 867 1220 p.
895 1156 969 1216 104.

183 1250 347 1311 Dicuntur
371 1256 481 1310 autem
505 1247 586 1311 haec
611 1270 630 1311 a
654 1251 794 1330 petitore
818 1251 928 1331 potius
952 1249 994 1311 ad
1020 1249 1242 1311 denotandum
1261 1269 1365 1328 quam

136 1360 243 1441 legem
268 1359 345 1421 velit
370 1357 531 1440 intellegi,
558 1380 657 1440 quam
683 1361 776 1441 quasi
801 1360 843 1422 ad
868 1380 1001 1422 causam
1025 1361 1236 1441 pertinentia;
1260 1359 1365 1420 cardo

136 1471 222 1531 enim
248 1471 279 1530 in
303 1469 364 1530 hac
390 1489 424 1529 re
441 1471 593 1545 vertitur,
612 1468 703 1551 quod
720 1471 859 1550 pecunia
875 1471 945 1531 eius
963 1469 1134 1551 deportata
1151 1477 1200 1530 est
1218 1466 1363 1543 Chium;

136 1581 177 1641 de
201 1580 363 1640 frumento
389 1579 430 1640 ab
455 1579 587 1641 homine
612 1577 696 1640 Chio
721 1600 761 1652 eo
786 1589 881 1642 vecto
906 1579 985 1641 nihil
1010 1579 1160 1660 legimus.

187 1704 214 1769 5.
264 1696 280 1763 ἢ
301 1695 467 1765 χρήματα
489 1694 628 1766 δανείσῃ
654 1699 715 1752 cet.
754 1687 788 1752 Si
814 1691 973 1752 strictiore
999 1710 1095 1751 sensu
1122 1689 1202 1750 haec
1219 1690 1364 1770 accipis,

135 1802 264 1864 videtur
291 1801 397 1861 omnis
422 1804 497 1863 τόκος
520 1804 683 1873 &reponam
702 1801 892 1862 interdictus
909 1820 998 1876 esse;
1021 1800 1210 1881 accipienda
1227 1808 1305 1860 sunt
1324 1799 1367 1860 de

136 1913 275 1993 pecunia
308 1918 422 1971 mutua
454 1909 529 1971 data
558 1911 648 1971 navis
681 1911 838 1992 magistro
870 1911 922 1972 vel
952 1910 1188 1971 mercatoribus
1213 1911 1270 1990 qui
1298 1930 1368 1971 non

137 2024 200 2084 sint
225 2022 357 2082 redituri
383 2019 550 2095 AthenaS,
569 2020 659 2082 velut
675 2019 752 2082 huic
770 2019 854 2083 Chio
871 2020 995 2082 homini
1013 2021 1054 2081 de
1071 2040 1138 2100 quo
1156 2018 1236 2081 infra
1253 2028 1367 2081 sermo

138 2142 196 2193 est.
249 2130 302 2193 Sic
335 2132 421 2191 enim
455 2129 647 2210 prohibetur
670 2133 843 2212 pecuniam
868 2130 1015 2193 Atticam
1040 2151 1177 2212 peregre
1202 2139 1369 2191 mercatu-

138 2263 192 2304 rae
216 2241 381 2303 faciendae
407 2241 578 2316 inservire,
612 2261 749 2326 remque
773 2241 939 2324 publicam
965 2241 1121 2303 denudari
1147 2242 1214 2302 suis
1240 2242 1368 2322 praesi-

138 2354 210 2415 diis.
260 2351 382 2413 Contra
414 2350 600 2412 Boekhium
624 2353 669 2434 (p.
698 2367 735 2429 71
765 2352 805 2434 s.)
829 2354 988 2414 assentior
1013 2351 1163 2414 Platnero
1187 2351 1259 2434 (der
1284 2351 1367 2412 Pro-

138 2484 210 2525 cess
244 2463 310 2524 und
343 2463 396 2523 die
429 2460 500 2543 Kl.)
534 2461 567 2523 II
600 2483 632 2544 p.
666 2465 730 2543 358
766 2483 810 2526 s.:
844 2463 898 2525 ille
930 2465 1017 2525 enim
1050 2461 1268 2525 contendebat
1296 2483 1366 2523 non

138 2576 198 2636 nisi
223 2575 401 2635 constituto
427 2593 525 2635 onere
556 2573 646 2655 quod
670 2575 851 2636 rediturum
876 2583 963 2636 esset
987 2575 1117 2636 licuisse
1141 2574 1234 2635 fenus
1258 2575 1367 2634 nauti-

138 2706 214 2746 cum
239 2704 394 2746 exercere
419 2683 530 2765 (atque
555 2684 586 2743 in
612 2683 685 2764 lege
710 2693 821 2766 nostra
845 2684 1061 2759 frumentum,
1089 2693 1124 2745 ut
1148 2684 1269 2744 summi
1294 2703 1367 2744 mo-

139 2796 256 2871 menti,
282 2796 425 2876 primum
453 2793 564 2854 locum
589 2813 769 2875 occupare,
796 2802 872 2875 post
896 2795 986 2876 quod
1010 2795 1102 2876 sequi
1125 2804 1252 2855 ceteras
1277 2814 1366 2855 mer·

137 2908 223 2988 ces),
250 2908 394 2986 itemque
420 2904 619 2980 Htillmann,
651 2904 913 2986 Handelsgesch.
948 2926 980 2986 p.
1012 2904 1092 2980 162;
1126 2904 1185 2965 sed
1218 2903 1260 2965 de
1285 2924 1366 2965 one-

139 3017 227 3078 ribus
264 3015 467 3097 reportandis
507 3014 551 3076 nil
589 3035 728 3096 usquam
764 3016 902 3097 legitur,
940 3017 1019 3092 nisi,
1057 3016 1147 3097 quod
1183 3035 1241 3097 par
1275 3023 1364 3088 erat,

139 3129 334 3191 feneratores
367 3147 425 3208 per
458 3126 662 3208 syngraphas
691 3129 889 3190 constituere
922 3128 1036 3189 solitos
1060 3148 1132 3189 esse
1157 3135 1193 3188 ut
1218 3147 1364 3201 merces,

139 3241 278 3321 pignora
302 3236 425 3299 scilicet
450 3258 523 3313 sua,
550 3238 709 3312 redirent3
736 3238 809 3319 lege
833 3258 911 3300 vero
936 3239 1000 3300 tale
1025 3238 1105 3320 quid
1129 3238 1232 3299 iuberi
1250 3236 1366 3299 absur-

141 3351 220 3411 dum
253 3349 518 3429 contrariumque
551 3349 634 3410 foret
658 3348 849 3410 utilitatibus
875 3332 1112 3424 mercatorum,
1140 3357 1175 3409 ut
1199 3347 1283 3410 bene
1310 3348 1366 3409 de-

140 3467 299 3521 monstrat
331 3459 477 3534 Platner,
512 3457 556 3520 l.l.
590 3458 629 3520 cf.
665 3475 760 3537 32,1:
794 3462 841 3523 τὰς
863 3462 936 3523 δίκας
957 3458 1021 3514 εἶναι
1043 3493 1075 3502 -
1098 3469 1151 3515 τον
1171 3460 1291 3533 Ἀθήναζε
1312 3458 1366 3514 καὶ

141 3581 205 3629 τῶν
231 3573 408 3647 Ἀθήνηθεν
432 3574 662 3644 συμβολαίων.
