3008 5296
274 953 306 1014 9,
348 938 563 993 ὑποτιθέασι.
591 934 819 997 Herodianus:
834 940 976 1010 ὑποτίθησι
988 941 1035 1007 μὲν
1050 945 1064 993 ό
1079 943 1263 1006 δανειζόμενος
1279 944 1316 996 τὰ
1330 945 1448 1016 ἐνέχυρα,

228 1049 380 1103 ὑποτίθεται
406 1050 435 1103 δὲ
462 1054 477 1103 ὁ
503 1051 645 1117 λαμβάνων
677 1044 746 1126 (ubi
778 1045 853 1106 vide
888 1046 1024 1108 Lobeck
1049 1067 1081 1128 p.
1108 1045 1208 1127 468);
1235 1046 1314 1110 alibi
1339 1055 1449 1126 ἐνέχυρα

227 1163 310 1215 θεῖναι
334 1155 394 1218 Ar.
421 1155 512 1218 Eccl.
532 1169 609 1235 755.
636 1155 711 1216 Plut
735 1169 814 1234 451.
832 1155 959 1236 (Dem.)
983 1170 1102 1237 53,13;
1121 1175 1219 1235 41,ss
1235 1179 1244 1234 3
1262 1163 1393 1216 τίθεσθαι
1407 1168 1451 1222 est

220 1266 341 1347 pignus
372 1265 513 1345 accipere
545 1279 643 1345 49,5;
678 1263 741 1345 633
771 1279 889 1345 53‚1o;
916 1268 962 1327 sic
987 1274 1061 1332 θέαις
1090 1285 1202 1348 33,12.
1254 1268 1451 1351 Plerumque

225 1383 353 1453 ἐνέχυρον
377 1377 516 1438 sumitur
541 1375 583 1437 de
607 1375 705 1437 rebus
730 1377 937 1438 moventibus
963 1377 1020 1438 sed
1048 1395 1169 1457 33‚10;
1199 1379 1273 1458 56‚3
1303 1380 1347 1441 de
1365 1401 1451 1442 nave.

226 1487 375 1549 Salmasii
400 1487 640 1548 distinctionem
665 1483 720 1569 (de
747 1487 852 1548 Modo
877 1487 975 1550 Usur.
1001 1508 1033 1569 p.
1056 1487 1124 1565 486
1149 1487 1195 1568 s),
1214 1487 1280 1550 hoc
1297 1491 1453 1552 interesse
1496 1468 1498 1475 Ι

226 1600 321 1660 inter·
339 1602 471 1675 ὑποθήκην
496 1605 528 1658 et
552 1605 696 1674 ἐνέχυρον,
723 1597 815 1679 quod
840 1598 928 1659 illam
952 1606 1061 1660 teneat
1086 1598 1231 1674 debitor,
1259 1599 1327 1661 hoc
1354 1601 1454 1663 credi·

223 1717 293 1783 tor,
319 1729 385 1771 non
411 1708 555 1770 firmatur
579 1710 705 1770 cunctis
730 1716 897 1769 oratorum
923 1718 956 1769 et
980 1729 1118 1789 gramm.
1144 1709 1235 1771 locis¹
1263 1710 1356 1772 Vide
1374 1711 1455 1773 Plat-

224 1839 282 1880 ner
305 1819 389 1900 (Der
415 1819 551 1880 Process
577 1818 644 1879 und
669 1817 721 1879 die
747 1817 895 1899 Klagen,
928 1820 1028 1898 1824)
1053 1819 1086 1880 II
1112 1840 1145 1900 p.
1174 1836 1235 1899 301
1267 1840 1341 1902 seq.

271 1930 419 1991 Tertium
456 1948 576 1989 nornen
613 1936 663 1990 est
695 1936 870 2005 ἀποτίμημα,
904 1930 1025 2010 pignus
1059 1930 1172 1992 datum
1205 1931 1456 2011 magistratibus

224 2041 317 2100 cuius
352 2040 495 2121 pretium
531 2047 606 2101 ante
639 2040 753 2100 initum
787 2047 991 2101 contractum
1023 2041 1230 2117 aestimatur,
1267 2043 1456 2105 secundum

225 2150 329 2232 Harp.
356 2170 381 2212 s
406 2171 437 2212 v.

271 2280 303 2340 9.
341 2263 400 2317 οὐκ
421 2265 623 2335 ὀφείλοντες
645 2261 698 2317 ἐπὶ
717 2263 879 2337 τούτοις,
899 2281 974 2322 nam
991 2263 1079 2343 prior
1096 2262 1238 2324 creditor
1255 2263 1329 2324 iure
1347 2266 1458 2345 potior

224 2378 292 2432 erat
316 2372 342 2432 si
368 2371 456 2451 exigi
482 2369 623 2431 debebat
647 2369 807 2431 creditum
832 2391 940 2452 neque
964 2373 1086 2453 pignus
1110 2371 1152 2433 ad
1173 2372 1376 2436 solvendum
1394 2374 1458 2436 sui-

225 2480 369 2543 ficiebat:
407 2481 526 2558 27‚28;
564 2493 682 2559 53,lo;
718 2479 968 2543 Mei.-Schoem.
994 2503 1026 2563 p.
1053 2481 1122 2562 694
1146 2502 1172 2545 s.
1199 2489 1315 2558 ὀφείλειν
1338 2490 1390 2542 ἐπί
1410 2487 1459 2567 (ut

224 2596 350 2656 δανείζειν
375 2610 474 2673 supra
499 2594 514 2669 ς
545 2589 598 2672 10)
623 2588 744 2668 42,26;
773 2593 826 2653 28.

276 2719 326 2764 10.
376 2706 447 2760 οὐδ’
467 2707 753 2761 ἐπιδανείσονται.
803 2701 855 2762 De
879 2704 1050 2785 participio
1067 2706 1245 2767 transeunti
1264 2706 1296 2767 in
1314 2707 1459 2769 verbum

224 2812 350 2874 finitum
383 2813 422 2876 cf.
456 2813 562 2895 Kriig.
600 2827 731 2893 59,2‚3;
766 2811 906 2874 Kiihner
939 2813 983 2875 II.
1017 2835 1049 2895 p.
1081 2814 1200 2893 657,4;
1227 2818 1389 2899 exempla
1415 2839 1459 2881 ex

225 2921 376 2983 Homero
399 2924 500 3003 petita
524 2923 613 3004 apud
638 2920 802 2984 Schaefer.
828 2941 940 3003 appar.
967 2921 1046 2985 Crit.
1071 2923 1113 2985 ad
1137 2944 1169 3004 p.
1190 2941 1303 3005 239‚2.
1347 2926 1458 3010 Saepe

223 3032 310 3093 idem
344 3053 404 3094 usu
437 3033 547 3094 venire
579 3041 656 3114 post
684 3037 857 3091 οὐκ-ἀλλά
883 3033 1045 3115 exemplis
1070 3033 1272 3096 demonstrat
1297 3034 1460 3100 Gebauer

222 3141 379 3224 Append.
404 3143 447 3205 ad
472 3144 551 3224 Lys
583 3146 692 3224 13,18.

276 3270 325 3315 10.
376 3257 555 3317 ἀπάξουσι.
595 3253 662 3334 Qui
688 3263 849 3315 mercator
873 3255 993 3335 pignus
1016 3255 1148 3335 surripit
1163 3254 1317 3316 creditori
1338 3261 1459 3340 capitis

222 3371 351 3444 poterat
376 3362 538 3426 damnari:
567 3381 620 3444 34,
628 3378 669 3443 50
695 3385 720 3426 s

275 3492 325 3537 11.
375 3482 539 3552 χρήματα
574 3475 615 3538 de
647 3497 740 3536 onere
772 3476 879 3551 naviS,
907 3475 1012 3538 Thuc,
1041 3492 1172 3556 3‚74‚2;
1201 3492 1337 3555 7,24,2;
1368 3481 1457 3544 Xen.

225 3584 313 3648 Hell.
346 3584 466 3665 1,6,37.
493 3586 587 3651 ¹Alia
610 3585 772 3648 vocabula
795 3585 870 3648 vide
894 3607 945 3667 ap.
973 3587 1094 3649 Buchs.
1121 3609 1153 3668 p.
1179 3601 1294 3668 459,3.

276 3712 326 3757 11.
376 3701 415 3753 τὰ
440 3701 474 3752 ἐκ
499 3704 559 3755 ταῦ
585 3700 614 3753 ll.
641 3704 749 3770 αντιφ.
797 3696 1014 3759 Attractionis
1047 3695 1149 3759 multa
1182 3698 1340 3779 exempla
1367 3702 1460 3764 dabit

225 3805 396 3868 Rehdantz
422 3805 493 3869 Ind.
521 3807 553 3867 II
580 3827 605 3869 s.
631 3829 661 3869 v.
699 3806 896 3869 Attraction.
924 3806 1038 3870 Stallb.
1063 3807 1104 3869 ad
1128 3806 1207 3869 Plat.
1226 3807 1331 3890 Apol.
1353 3829 1397 3890 32
1419 3813 1457 3875 B.

223 3918 357 3999 Poppo,
399 3918 441 3979 de
478 3917 664 3980 elocutione
700 3918 905 3998 Thucydidis
941 3939 974 3999 p.
1018 3917 1091 3996 176.
1150 3918 1257 3999 Kriig.
1300 3923 1456 4002 50,8,15.

224 4027 338 4091 Knhn.
366 4029 409 4090 II.
435 4049 469 4110 p.
495 4044 560 4109 473
589 4049 615 4091 s

276 4156 326 4201 11.
376 4146 690 4214 ἀντιφορτισθέντα
714 4148 868 4219 reparata
892 4136 993 4222 (Xen.
1017 4137 1058 4199 de
1076 4137 1171 4200 Vect.
1192 4118 1361 4220 3,2)¹infra
1379 4145 1395 4220 §
1412 4160 1453 4223 23

223 4255 410 4324 οἷνταγοράζο).

272 4359 348 4421 Non
380 4361 563 4421 accuratius
596 4359 746 4421 definitur
777 4359 856 4440 quid
882 4357 1123 4440 exportandum
1149 4359 1191 4419 sit
1215 4379 1233 4420 e
1258 4359 1386 4436 Ponto,
1413 4383 1456 4425 ne

224 4469 351 4532 debitor
375 4469 517 4532 Athenis
542 4474 674 4544 ἀπρασίαν
694 4475 832 4546 καταλάβῃ
857 4465 974 4554 (34,8).
