3008 5296
814 509 858 567 44

278 704 328 765 17,
378 694 631 763 ἀναγνώσεται,
666 685 734 747 scil.
761 685 867 747 scriba
891 688 946 766 qui
972 707 1102 768 semper
1126 688 1289 752 adstabat.
1334 691 1394 752 De
1419 693 1461 754 el-

226 797 298 878 lipsi
324 797 461 859 subiecti
487 796 525 858 cf.
552 794 658 877 Kn'ig.
686 794 831 858 Gramm.
858 796 983 876 61,4,3.
1010 797 1123 861 Knhn.
1150 799 1183 860 ΙΙ
1205 821 1238 881 p.
1260 801 1341 880 30b.
1372 803 1467 865 Wolf

225 908 267 970 ad
299 909 428 990 Leptin.
462 929 494 990 p.
528 925 604 985 244.
639 908 816 970 Buttmann
840 909 872 969 in
900 908 980 970 Mid.
1007 908 1048 969 ed
1073 909 1130 972 Va.
1156 931 1188 992 p.
1220 928 1272 973 11.
1328 913 1462 974 Mutata

225 1028 274 1080 est
299 1020 499 1080 constructio
524 1031 644 1097 43‚35:
664 1022 1053 1092 duoyc'vaore—·—c”nerra
1072 1055 1097 1064 -
1113 1026 1324 1094 -ἀναρνώσεται
1352 1023 1462 1085 Addi-

223 1138 277 1191 tur
302 1133 522 1204 ὁρραρραιεύς.
547 1127 671 1190 Aesch.
703 1142 819 1205 1,147;
848 1126 943 1204 2,46;
964 1145 1083 1206 3,124;
1108 1147 1188 1208 190,
1208 1132 1295 1193 utin
1313 1133 1383 1195 alia
1400 1134 1463 1196 lor·

225 1238 314 1301 mula
338 1259 390 1319 ap.
418 1239 562 1319 Lycurg.
590 1238 628 1300 cf.
656 1238 734 1299 infra
758 1237 799 1298 ad
825 1241 840 1314 ξ
869 1254 921 1316 33.

271 1348 328 1411 Ad
361 1349 457 1410 finem
490 1347 588 1411 huius
618 1347 813 1429 paragraphi
838 1347 936 1408 velim
960 1348 1108 1409 attendas
1132 1349 1174 1410 ad
1199 1352 1311 1412 sexies
1338 1356 1463 1435 repeti-

223 1469 294 1521 tum
326 1459 462 1521 verbum
496 1466 639 1534 δανείζειν,
674 1478 741 1540 quo
774 1459 952 1538 conspicua
984 1466 1034 1519 est
1058 1457 1121 1519 stili
1148 1460 1272 1521 incuria
1299 1463 1375 1523 eius
1404 1466 1460 1545 qui

223 1569 305 1631 haec
330 1571 532 1651 conscripsit.

789 1903 803 1976 §
833 1916 885 1978 23.

275 2138 324 2199 17.
375 2127 451 2198 λέγε
475 2119 651 2201 aliquando
676 2121 848 2200 repetitur:
880 2119 997 2192 18‚28;
1018 2135 1079 2197 37;
1103 2120 1457 2202 19‚38;21,113cet.

272 2251 324 2295 21.
374 2238 521 2309 ἐμπορίᾳ
538 2230 705 2306 mercibus,
725 2239 760 2292 ut
780 2229 871 2308 56‚8;
891 2229 1036 2309 Lycurg.
1059 2242 1072 2307 5
1080 2244 1116 2306 7;
1136 2229 1222 2292 Xen.
1236 2255 1261 2287 ιι.
1273 2240 1368 2304 πόρων
1390 2253 1457 2314 3‚2‚

274 2361 326 2421 24.
377 2347 414 2400 αὐ
434 2347 503 2417 γὰρ
524 2347 568 2400 ἄν.
602 2340 689 2403 Vide
714 2340 821 2420 Kriig.
849 2337 905 2401 Gr.
935 2352 1080 2418 54‚12,9.

275 2911 327 2977 25.
378 2900 721 2971 αῐμὲναανινυρριάι
746 2903 807 2957 cet.
834 2893 872 2956 cf.
903 2902 975 2973 5et
993 2893 1046 2974 36.
1086 2894 1457 2961 Formulatranseundi

224 3009 407 3070 tritissima:
445 3018 587 3084 23‚152;
625 3020 743 3081 27,12;
779 3005 880 3082 48,28
915 3013 947 3066 et
972 3025 1057 3086 quae
1089 3013 1258 3085 praeterea
1283 3011 1458 3088 congessit

226 3117 378 3180 Gebauer
402 3118 434 3178 in
459 3114 615 3197 Append.
641 3114 682 3175 ad
709 3114 787 3195 Lys.
819 3132 928 3194 1330.

273 3231 326 3291 De
350 3253 454 3286 ααννα
460 3254 480 3301 ρ
486 3235 575 3302 ριίιι,
602 3225 719 3306 plurali
740 3225 892 3287 abstracti
909 3224 962 3286 adi
980 3223 1160 3286 Schneider
1176 3226 1217 3287 ad
1236 3226 1338 3290 Isocr.
1357 3244 1455 3307 4,77.

226 3340 397 3403 Rehdantz
422 3337 493 3400 Ind.
521 3357 546 3399 S.
571 3357 602 3399 v.
629 3335 747 3398 Plural.

272 3474 304 3533 p.
338 3468 452 3531 931,3.
501 3456 639 3516 δόκιμον
674 3448 726 3521 „in
759 3454 855 3527 guter
887 3446 1069 3526 gangbarer
1103 3445 1244 3508 Milnze‘’
1278 3450 1378 3510 vertit
1408 3451 1454 3513 A.

226 3561 359 3624 Schafer
383 3559 539 3642 Append.
565 3579 597 3638 p.
626 3556 709 3632 286;
737 3578 813 3639 opp.
839 3563 961 3634 ιιβδηλνν
986 3557 1105 3618 Pollux
1125 3556 1213 3636 3,86.
1240 3557 1325 3621 Xen.
1346 3561 1453 3624 Mem.

229 3691 328 3753 3,1,9.
379 3671 544 3732 Nummos
568 3667 767 3729 adulterinos
792 3667 978 3750 frequentes
1003 3666 1102 3729 fuisse
1126 3668 1341 3749 (quamquam
1362 3681 1455 3733 certe

225 3789 257 3840 τὸ
279 3787 502 3856 παραχαράττειν
527 3788 632 3840 morte
657 3779 875 3841 mulctabatur
896 3778 935 3840 cs.
956 3777 1099 3855 20,167;
1120 3795 1243 3854 24‚212
1262 3788 1295 3841 et
1313 3780 1453 3843 Beckeri

228 3892 398 3954 Charikles
430 3892 481 3953 ed.
516 3890 603 3953 Goll.
644 3892 728 3968 1878
763 3890 798 3952 II
829 3912 861 3973 p.
890 3908 966 3953 210.
994 3889 1092 3971 211),
1119 3898 1208 3971 patet
1232 3890 1284 3951 vel
1309 3912 1352 3952 ex
1380 3894 1453 3974 ipso

227 4005 358 4065 nomine
395 4004 649 4064 mensariorum:
688 4010 925 4078 ἀρραραρνώρανες
965 4001 1050 4062 enim
1087 4000 1263 4080 aliquando
1295 4002 1451 4079 audiunt,

228 4123 263 4175 ut
295 4135 354 4196 ap:
389 4114 440 4175 Ps.
476 4112 555 4174 Plat.
591 4113 632 4173 de
665 4112 795 4174 Virtute
830 4113 894 4192 378
931 4112 969 4174 E.
1000 4111 1119 4172 Pollux
1146 4111 1242 4190 384:
1268 4118 1453 4187 τραπεζίτης,

228 4232 460 4300 ἀρχυριιγνώμων,
480 4228 699 4299 ἀργυραμινιβός.
