3008 5296
808 476 848 534 28

215 668 320 728 Ponto
345 665 495 728 Athenas
520 674 633 747 petant
658 663 713 749 (ib.
741 667 808 751 97).
836 667 874 728 cf.
898 688 1031 748 quoque
1049 667 1292 745 Wachsmuth,
1315 669 1440 732 Hellen.
1488 744 1491 753 Ι

214 775 457 838 Alterthumsk.
489 775 585 838 1826.
613 777 638 836 Ι.
665 775 821 858 Append.
848 776 874 838 Ι.

263 887 368 966 Igitur
403 895 569 949 contractu
600 895 712 947 nostro
737 907 820 961 non,
848 895 883 948 ut
908 887 1058 949 Bockhio
1082 886 1250 968 placebat,
1278 891 1377 952 vitari
1402 893 1443 952 iu·
1490 854 1494 965 Ι

213 997 332 1058 bentur
358 1005 587 1078 tempestates,
615 996 672 1056 sed
698 998 864 1077 expectari
889 1005 1005 1058 ventus
1030 998 1205 1060 secundus,

262 1125 294 1183 4.
344 1112 547 1177 ἐξελόμενοι
584 1113 669 1164 ὅπου
700 1114 737 1163 ἂν
766 1115 808 1183 μὴ
839 1113 939 1165 σῦλαι
968 1113 1046 1165 ὦσιν
1075 1112 1283 1184 Ἀθηναίοις.
1340 1112 1445 1174 Primo

214 1217 371 1298 adspectu
406 1217 584 1298 praeferres
613 1222 690 1275 σῦλαι
721 1218 775 1273 κατ’
805 1218 961 1291 lippulos:
995 1237 1073 1279 onus
1104 1229 1265 1298 exponant
1294 1221 1354 1282 ubi
1388 1244 1446 1284 non

215 1326 286 1389 licet
319 1326 522 1388 Athenienses
552 1326 702 1406 persequi
728 1326 917 1406 pignoribus
952 1327 1120 1407 capiendis.
1171 1328 1237 1390 Sed
1273 1332 1325 1392 sic
1368 1354 1448 1414 quo-

215 1459 280 1520 que
304 1439 388 1500 bene
412 1438 510 1500 habet
535 1435 676 1522 (Boekh.
703 1460 735 1519 p.
768 1437 861 1522 175):
889 1438 931 1500 ibi
957 1447 1123 1521 exponant
1149 1439 1204 1502 ubi
1229 1439 1449 1506 Atheniensi·

120 1549 126 1558 ’
214 1550 277 1612 bus
310 1550 493 1612 trierarchis
526 1571 591 1612 non
625 1550 699 1612 licet
732 1550 807 1611 belli
837 1558 1009 1631 praetextu
1043 1570 1158 1612 navem
1192 1571 1313 1632 capere
1349 1552 1449 1638 (quos

216 1660 304 1722 nulla
338 1660 495 1741 religione
521 1662 607 1722 cives
632 1680 737 1741 aeque
762 1680 799 1721 ac
826 1659 938 1720 hostes
964 1659 1017 1721 illa
1041 1669 1146 1723 aetate
1169 1681 1310 1744 peregre
1337 1686 1451 1746 perse·

216 1778 311 1832 cutos
345 1791 417 1832 esse
443 1779 587 1845 constat,
615 1770 653 1832 cs.
684 1785 781 1849 51,13
810 1779 842 1830 et
867 1789 951 1851 quae
975 1770 1016 1831 ad
1041 1770 1056 1851 fi
1083 1769 1126 1832 26
1152 1773 1372 1856 contulimus)
1383 1799 1390 1852 ;
1418 1786 1451 1838 et

217 1881 272 1942 ubi
298 1902 363 1942 non
389 1882 430 1942 sit
454 1881 636 1942 timendum
662 1901 703 1942 ne
727 1880 856 1942 talionis
879 1900 977 1942 causa
994 1881 1107 1942 civitas
1123 1885 1297 1964 peregrina
1314 1887 1449 1967 pignori

215 1990 394 2052 Androclis
420 2011 553 2052 manum
579 1992 696 2053 iniciat.
747 1991 838 2070 Quid
863 1992 926 2051 sint
951 1996 1027 2048 σῦλαι
1051 1991 1126 2052 vide
1150 1993 1231 2054 infra
1254 1994 1296 2055 ad
1324 1996 1340 2076 ἓ
1370 1996 1425 2059 26.

262 2099 294 2162 6.
344 2107 423 2166 τοὺς
448 2110 571 2166 τόκους
594 2109 799 2160 ἀποδόντων.
826 2101 936 2162 Minus
958 2101 1050 2163 senus
1067 2099 1112 2184 (p.
1131 2101 1262 2185 926,3),
1283 2126 1364 2168 cum
1383 2129 1449 2170 non

215 2219 291 2291 post
324 2210 458 2272 Arcturi
492 2218 601 2272 ortum
634 2212 738 2272 evecti
772 2213 835 2272 sint
863 2231 906 2272 ex
940 2211 1055 2273 Ponto.
1106 2213 1169 2273 Pro
1194 2219 1351 2272 ἀποδιδόναι
1372 2224 1449 2274 τόπον

215 2339 295 2402 41,9
321 2322 439 2403 legitur
465 2330 561 2380 τιθέναι
581 2347 602 2380 τ.
627 2336 744 2402 59,52:
771 2328 932 2397 τοκοφορεῖν.
960 2321 1084 2384 Aesch.
1113 2340 1233 2402 3,IO4:
1251 2331 1347 2400 φέρειν
1362 2333 1449 2386 τόκον.

262 2431 293 2494 6.
343 2436 422 2498 τοὺς
445 2440 567 2506 πέρασι
586 2440 795 2508 γραφέντας.
845 2432 930 2493 Mire
954 2431 1018 2494 hoc
1044 2432 1168 2495 dictum
1193 2454 1266 2495 esse
1292 2436 1448 2498 concedo

214 2544 284 2604 viro
310 2543 397 2604 doct.
424 2543 602 2604 Pardessus
628 2540 726 2626 (Coll.
753 2542 811 2603 des
835 2542 896 2603 lois
922 2562 1000 2604 mar.
1026 2564 1058 2624 p.
1085 2542 1187 2621 46,47
1213 2543 1363 2630 annot),
1388 2547 1450 2608 sed

216 2653 397 2714 secundum
423 2673 531 2714 rerurn
550 2662 670 2715 statum
688 2662 746 2715 est.
786 2652 872 2715 Cum
889 2655 975 2714 enim
993 2655 1150 2736 inciperet
1165 2675 1270 2716 annus
1287 2659 1451 2736 proximo

215 2764 383 2824 novilunio
415 2784 434 2824 a
467 2764 606 2826 solstitio
639 2765 781 2838 aestiv0,
812 2783 878 2824 non
903 2763 1038 2839 eodem,
1066 2764 1125 2826 sed
1148 2767 1332 2846 posteriore
1359 2782 1467 2830 anno*

215 2873 348 2934 redituri
374 2883 464 2936 erant
489 2882 704 2936 mercatores:
731 2894 806 2935 nam
832 2874 1020 2955 syngrapha
1045 2876 1165 2956 scripta
1190 2884 1240 2937 est
1255 2896 1353 2953 vere,
1376 2899 1449 2959 quo

214 2992 363 3064 ternpore
389 2992 570 3047 mercatura
596 2986 725 3066 incipit,
753 2982 909 3046 Canicula
933 2992 1062 3060 autem,
1089 2992 1125 3046 ut
1148 2985 1310 3062 vidimuS,
1338 2991 1452 3070 surgit

215 3095 268 3155 die
294 3093 367 3155 Iulii
393 3090 540 3157 XVIII⁰.

263 3219 293 3281 7.
343 3210 399 3262 ἐαν
426 3211 462 3261 δέ
486 3229 515 3261 τι
541 3213 557 3280 ἦ
583 3212 671 3268 ναῠς·
691 3209 780 3280 πάθῃ
801 3211 998 3278 ἀνήκεστον.
1047 3204 1226 3266 pardessus
1251 3226 1283 3287 p.
1311 3208 1377 3284 48:
1407 3230 1450 3271 en

215 3315 268 3374 cas
294 3314 335 3374 de
359 3313 447 3375 force
473 3312 625 3392 majeure.
675 3313 846 3394 Proprium
872 3316 1093 3378 contractibus
1120 3317 1160 3378 de
1181 3317 1293 3379 fenore
1310 3322 1449 3382 nautico

215 3432 281 3498 est,
307 3423 489 3505 periculum
516 3443 588 3483 esse
613 3423 800 3498 creditoriS,
828 3444 913 3504 quae
937 3426 1008 3506 ipsa
1032 3435 1101 3488 erat
1125 3446 1224 3489 causa
1245 3447 1304 3488 cur
1321 3426 1457 3492 fenoris

214 3554 343 3595 summa
379 3542 467 3594 tanta
503 3542 590 3594 esset
623 3543 777 3614 quantam
812 3555 911 3616 supra
942 3536 1103 3613 vidimus;
1137 3538 1177 3600 cf.
1213 3551 1310 3617 32,5;
1342 3557 1446 3618 34,2;
1474 3563 1477 3569 ·

215 3642 434 3705 Schwarzium
467 3641 535 3727 (De
569 3643 804 3706 Demosthenis
829 3665 892 3708 orr.
919 3649 1150 3728 suppositiciis
1177 3668 1288 3730 progr.
1319 3647 1445 3729 Gymn.

214 3753 381 3816 Stadensis
413 3752 512 3837 1876)
537 3775 569 3835 p.
597 3753 635 3829 6,
662 3753 889 3835 perhibentem
907 3758 938 3818 in
956 3777 1095 3839 corpore
1112 3759 1297 3820 orationum
1316 3759 1446 3823 Demo-

214 3863 336 3926 sthenis
369 3884 435 3925 non
468 3865 601 3925 inveniri
630 3866 766 3927 verbum
791 3871 902 3944 πάσχειν
927 3866 1091 3954 derebus
1116 3869 1264 3931 inanimis
1290 3869 1446 3933 refellunt

214 3975 277 4036 loci
303 3995 349 4037 or.
379 3988 392 4054 5
403 3988 479 4052 5,24
505 3984 537 4036 et
564 3989 623 4054 25,
652 3996 736 4056 quos
760 3977 868 4039 attulit
893 3975 1032 4039 Schulze
1058 3999 1089 4041 u.
1115 3999 1141 4042 s.
1170 3992 1229 4058 53,
1254 3998 1330 4042 ann.
1361 3998 1390 4044 1.

263 4085 316 4145 De
349 4106 430 4146 nave
455 4085 541 4146 idem
566 4092 660 4143 παθεῖν
680 4109 703 4144 τι
729 4087 848 4168 legitur
874 4087 953 4150 Eur.
981 4087 1053 4169 Iph.
1080 4089 1118 4151 T.
1146 4101 1209 4168 755
1238 4098 1271 4150 et
1295 4089 1443 4171 Argum.

213 4194 255 4257 ad
274 4195 370 4258 Dem.
390 4217 436 4258 or.
457 4212 550 4275 34,2;
570 4197 608 4259 cs.
622 4206 791 4279 praeterea
804 4198 1013 4279 Frohberger
1026 4199 1182 4281 Append.
1196 4199 1238 4261 ad
1253 4200 1333 4280 LyS.
1350 4202 1444 4280 32‚6.

262 4322 292 4384 7.
342 4314 373 4365 ἐν
394 4305 409 4382 ᾗ
430 4311 465 4364 ἄν
492 4308 529 4370 ci.
557 4329 655 4389 supra
679 4308 721 4370 ad
746 4330 778 4390 p.
805 4308 942 4389 926,12.

263 4419 293 4479 8.
343 4423 497 4493 σωτηρία
523 4439 620 4500 saepe
646 4418 686 4479 de
712 4418 867 4481 incolumi
893 4419 998 4481 reditu
1028 4420 1147 4499 50,16;
1163 4432 1289 4499 ¹57,20.
