3008 5296
116 942 233 1006 934‚1.
272 928 330 981 καί
345 946 402 992 μοι
423 927 514 994 λαβέ.
552 920 658 1003 Saepe
683 922 737 983 ubi
763 923 976 984 instrumenta
1001 921 1152 984 iubentur
1169 924 1294 984 recitari

62 1036 247 1098 Infinitivus
276 1033 388 1095 addito
413 1037 461 1090 καί
480 1032 664 1095 intenditur.
691 1032 729 1094 cf.
758 1033 911 1113 Hartung
936 1030 1014 1116 (Die
1040 1032 1147 1094 Lehre
1171 1054 1236 1094 von
1260 1033 1292 1096 d.

63 1146 207 1227 Partik.)
240 1145 255 1206 I
288 1165 320 1226 p.
356 1144 429 1221 148.
464 1141 603 1204 Ktihner
632 1142 664 1203 II
690 1163 722 1223 p.
750 1158 869 1222 792‚4;
896 1151 928 1205 et
952 1143 1044 1204 locos
1071 1145 1168 1220 27,8;
1196 1161 1292 1224 34‚9;

67 1275 194 1337 32,13;
230 1272 349 1335 29,12;
376 1254 491 1316 Latine
516 1254 633 1314 dieitur
658 1262 766 1333 atque,
792 1254 882 1316 velut
906 1251 974 1316 Cic.
1000 1275 1060 1336 pro
1086 1255 1186 1317 Roscss
1213 1255 1292 1318 Am.

64 1383 162 1448 9‚25·

123 1497 150 1542 1.
199 1490 336 1553 πρῶτον
355 1484 461 1547 μέν-
477 1479 607 1535 ἔπειτα.
657 1475 746 1536 Raro
770 1475 811 1537 ad
836 1480 926 1534 ἔπειτα
951 1475 1080 1538 additur
1105 1483 1144 1539 δέ.
1183 1477 1293 1538 Locos

66 1597 240 1651 enumerat
265 1587 404 1650 Schulze
429 1585 674 1668 (dissertationis
699 1606 799 1667 supra
823 1585 972 1649 laudatae
996 1607 1028 1668 p.
1047 1585 1123 1668 65);
1143 1587 1180 1650 cf.
1200 1609 1293 1669 prae-

66 1710 159 1762 terea
184 1698 363 1761 Schneider
386 1698 428 1760 ad
454 1697 554 1760 Isocr.
581 1713 679 1778 9,42;
708 1696 853 1758 Matzner
877 1696 918 1758 ad
944 1697 1060 1777 Lyc.§
1084 1716 1140 1778 19,
1160 1719 1192 1780 p.
1216 1717 1289 1778 113.

68 1810 193 1874 HeInd.
228 1809 269 1872 ad
302 1809 348 1871 Pl.
380 1808 546 1871 Phaedon.
574 1808 649 1870 81Ε
674 1804 743 1891 (qui
768 1827 787 1868 a
812 1827 846 1868 se
872 1810 1068 1870 enumeratis
1092 1808 1173 1870 Iocis
1198 1809 1290 1871 facile

65 1931 206 1984 centena
230 1941 265 1983 se
280 1919 401 1984 addere
418 1941 517 2003 posse
537 1919 637 2005 dicit).
668 1919 811 2000 Egregie
827 1917 946 1980 sallitur
963 1919 1156 1982 Rohrmann
1173 1918 1290 2003 (Diss)

65 2033 109 2095 de
135 2033 281 2094 oratione
307 2031 424 2093 XLIII
448 2031 547 2112 1875)
568 2051 599 2112 p.
622 2043 681 2109 52,
700 2030 755 2111 qui
773 2037 849 2111 post
864 2034 954 2088 ε”πειτα
973 2030 1135 2093 desiderat
1151 2030 1231 2092 illud
1250 2038 1289 2094 δέ.

65 2145 148 2205 Post
171 2147 285 2212 μάλιστα
306 2149 351 2212 μέν
367 2178 399 2186 -
415 2146 505 2199 &iterra
529 2142 661 2223 ponitur
684 2147 714 2199 δέ
739 2156 816 2219 24,7
827 2162 835 2216 ;
861 2141 954 2202 abest
982 2141 1114 2219 18,267.

117 2252 271 2317 Ceterum
309 2252 465 2315 Karlowa
499 2252 765 2335 (Bemerkungen
802 2259 863 2313 cet.
901 2252 1014 2333 Progr.
1049 2252 1150 2315 Pless.
1190 2252 1290 2337 1883)

65 2388 100 2447 p.
133 2382 170 2444 13
206 2365 329 2432 ratione
362 2363 540 2440 subducta,
574 2372 651 2445 post
682 2374 789 2438 πρῶτον
818 2370 864 2433 μέν
897 2363 986 2444 apud
1020 2364 1117 2426 Dem.
1143 2365 1291 2446 octogies

63 2486 118 2539 ter
142 2477 187 2538 ait
212 2477 344 2536 inveniri
369 2479 476 2550 ὲοειτα,
504 2474 699 2556 quadragies
724 2475 844 2556 septies
861 2475 938 2550 εἶτα,
959 2481 1059 2556 atque
1075 2474 1140 2536 hoc
1157 2473 1291 2556 quidem

63 2589 158 2670 apud
187 2587 268 2648 alios
293 2607 356 2648 orr.
383 2586 513 2648 Atticos
538 2586 738 2647 rarissimum
763 2605 845 2647 esse.
896 2584 1045 2666 Respicit
1068 2592 1178 2647 autem
1203 2584 1289 2647 solas

65 2699 233 2761 orationes
259 2698 426 2778 genuinas.

118 2827 148 2889 3.
198 2811 333 2873 τούτοις
357 2815 380 2865 δ’
401 2811 471 2865 οὐδ’
492 2815 608 2866 ὁτιοῦν
630 2815 793 2884 προσήκει
812 2818 869 2883 τῆς
892 2813 1067 2883 ναυαγίας·
1093 2806 1288 2884 cf.20,104;

66 2918 191 3000 36‚46;
217 2936 338 2998 43‚20;
368 2932 462 2997 57‚2;
489 2918 521 2981 6.

114 3030 148 3092 6.
197 3034 441 3105 Ἀπολλωνίδης
474 3032 652 3087 Μενίππου
680 3027 967 3104 Ἁλικαρνασσεύς
1009 3029 1045 3106 in⁴
1074 3029 1169 3090 inser.
1202 3028 1290 3110 apud

65 3139 235 3203 Kirchner
258 3140 313 3224 (de
338 3139 400 3201 litis
426 3138 586 3221 instrum.)
611 3160 643 3221 p.
675 3157 724 3218 13.

122 3268 173 3313 11.
223 3256 377 3316 οἱκέταςε
414 3249 501 3311 servi
535 3257 668 3325 nautae,
704 3258 739 3310 ut
774 3250 862 3329 33‚8.
910 3249 1025 3331 Atque
1059 3263 1132 3330 345
1169 3248 1221 3332 (cf.
1256 3248 1289 3334 7)

65 3365 214 3436 ναύκληρος
241 3361 310 3441 ipse
335 3380 448 3421 servus
473 3368 532 3422 est.

122 3488 172 3550 13.
221 3477 304 3546 κένη.
342 3470 448 3532 Aliter
468 3479 604 3533 testatur
622 3472 714 3533 cuius
733 3471 880 3551 sequitur
896 3472 1119 3533 testimonium
1138 3471 1288 3552 Hippias.

67 3582 162 3643 Num
188 3581 251 3643 hoc
275 3582 438 3645 falsarium
463 3583 633 3646 admisisse
657 3588 776 3665 putas?
