3008 5296
815 534 856 600 50

229 716 357 778 Anecd.
386 716 539 797 315,14):
567 720 582 771 ὁ
608 724 708 789 φωρῶν
736 719 809 790 λιμήν
834 720 904 772 ἐστιν
930 721 956 772 ἐν
981 719 1103 792 μεθορίῳ
1129 726 1174 790 τῆς
1198 719 1324 792 Ἀττικῆς,
1345 720 1414 774 e'tua
1435 720 1462 775 οἷ

230 829 322 903 λῃσταὶ
342 829 383 884 καὶ
402 835 543 902 κακοῦργοι
563 832 735 902 ὁρμιζονται,
762 846 779 886 e
804 835 916 888 nostro
941 825 1059 888 ductus
1083 826 1221 889 videtur.

277 940 310 999 ὅς
336 941 425 992 ἐστιν
445 939 511 998 ἔξω
532 948 595 993 τῶν
615 941 766 1011 σημείων
787 945 846 994 τοῦ
867 940 919 1007 ὑμ.
939 943 1012 1006 dnn.
1058 935 1114 998 De
1144 943 1198 994 ἕὲω
1223 959 1284 1017 pro
1310 944 1389 1003 ἐκτός
1419 938 1457 1000 ef.

232 1045 367 1107 Lobeck
399 1045 441 1106 ad
466 1044 639 1126 Phrynich.
665 1066 697 1127 p.
729 1047 790 1107 128
817 1042 886 1130 (qui
912 1048 989 1110 citat
1013 1047 1117 1110 Thuc.
1146 1047 1241 1126 8‚67;
1270 1049 1353 1126 7,58
1382 1050 1458 1132 cet).

277 1163 401 1231 σημεῖα
432 1165 541 1218 autem
575 1165 649 1219 sunt
680 1158 808 1218 termini
842 1157 960 1239 quibus
986 1158 1130 1240 undique
1155 1160 1251 1220 certis
1277 1158 1460 1221 intervallis

231 1268 414 1349 emporium
431 1276 500 1329 erat
516 1267 753 1329 circumdatum
771 1266 900 1351 (Bockh
918 1269 951 1345 I,
970 1289 1002 1350 p.
1018 1284 1058 1348 75
1078 1289 1104 1331 s,
1119 1278 1150 1330 et
1164 1269 1331 1331 Frankelii
1345 1278 1458 1331 annot.

237 1395 314 1454 1023
330 1377 548 1440 Wachsmuth
566 1399 597 1441 u.
616 1399 641 1440 s.
660 1398 692 1460 p.
713 1377 810 1462 323),
830 1378 948 1459 quibus
965 1379 1006 1441 ab
1024 1380 1103 1442 urbe
1117 1387 1149 1441 et
1161 1379 1262 1441 altera
1274 1389 1372 1462 parte
1385 1400 1461 1461 por-

231 1498 283 1551 tus
316 1488 536 1565 dividebatur,
571 1509 611 1551 eo
643 1488 797 1565 consilio,
825 1498 859 1550 ut
884 1510 1113 1572 quaecumque
1136 1510 1279 1565 merceS,
1309 1492 1461 1552 invectae

231 1602 263 1662 in
295 1609 427 1682 portum
460 1600 581 1677 Piraei,
616 1599 677 1662 hos
702 1601 858 1662 terminos
882 1603 1071 1669 transirent.
1098 1602 1139 1663 de
1163 1604 1201 1662 iis
1226 1610 1359 1663 certum
1385 1622 1460 1684 por-

230 1712 350 1773 torium
382 1711 588 1792 penderetur.
638 1711 730 1773 Talia
760 1718 857 1787 σομεῖο
889 1720 1028 1774 aetatem
1052 1712 1212 1787 tulerunt,
1239 1733 1389 1793 quorum
1416 1714 1461 1774 in-

231 1822 364 1903 scriptio
388 1819 469 1882 haec
484 1829 543 1911 ¹est
567 1819 617 1906 (C.
640 1820 665 1883 Ι.
684 1820 718 1882 Α
744 1821 758 1881 Ι
788 1820 883 1907 519):
909 1825 1117 1897 ἐμπνρι(ου)καὶ
1135 1829 1199 1880 ὁδοῦ
1214 1828 1296 1896 ὅρος,
1321 1823 1378 1885 ubi
1398 1830 1459 1888 ὅδος

232 1939 281 1993 est
303 1933 356 1993 via
379 1931 484 1993 serens
509 1933 541 1992 in
565 1932 751 1993 interiorem
777 1920 935 1994 Piraeum.
974 1928 1041 2016 (De
1065 1933 1128 1994 situ
1145 1931 1292 2013 lapidum
1311 1933 1353 1996 cf.
1372 1954 1459 2016 opus

232 2044 445 2105 novissimum
472 2040 591 2104 Curtii:
620 2043 684 2104 Die
709 2041 914 2124 Stadtgesch.
940 2063 1005 2104 von
1030 2026 1161 2119 Athen}
1191 2044 1296 2123 1891,
1326 2065 1359 2126 p.
1381 2043 1462 2106 CIV

233 2153 253 2215 1·
281 2171 321 2233 33
350 2151 456 2237 seqq-l

285 2263 334 2327 16.
385 2265 437 2325 De
462 2271 577 2337 ὥσπερ
602 2273 678 2346 post
703 2271 819 2334 ὁμοῖον
844 2264 882 2326 cf.
909 2263 1047 2325 Kiihner
1073 2263 1124 2340 II,
1150 2285 1182 2345 p.
1209 2278 1326 2343 995,4.

285 2391 335 2454 17.
384 2380 502 2438 ἔξεστι
522 2381 601 2450 γάρι
629 2375 766 2437 Incitare
791 2384 927 2437 conatur
943 2375 1067 2436 iudices
1083 2376 1115 2435 in
1131 2374 1356 2436 adversarium
1367 2397 1375 2450 ;
1395 2374 1461 2436 hoc

234 2489 320 2549 enim
354 2495 403 2548 est
435 2486 525 2568 quod
558 2494 633 2548 ante
656 2487 820 2569 pollicitus
845 2494 930 2563 erat,
957 2506 992 2547 se
1017 2505 1089 2547 esse
1114 2492 1320 2547 ostenturum
1347 2485 1461 2547 Lacri-

233 2608 303 2660 tum
328 2600 360 2659 in
385 2600 475 2679 ipsos
500 2618 633 2678 quoque
659 2597 766 2659 scelus
791 2598 970 2659 admisisse.
1012 2596 1098 2659 Nam
1123 2597 1281 2659 mercium
1308 2598 1459 2658 omnium

234 2719 398 2792 quotquot
422 2709 693 2791 importabantur,
712 2709 806 2771 binae
822 2709 1047 2792 pendebantur
1064 2709 1259 2769 centesimae
1272 2714 1459 2784 (πεντηκοστῇ)

234 2819 414 2906 (Wachsm.
441 2819 475 2882 II
500 2840 532 2901 p.
564 2820 636 2883 116.
664 2819 779 2882 Bbckh
805 2841 836 2883 u.
863 2819 921 2905 S.);
958 2828 1056 2901 atque
1081 2821 1213 2900 insuper
1236 2823 1378 2887 ἐλλιμένιον
1403 2817 1460 2879 ali-

235 2933 324 3015 quod
348 2933 505 3008 (ένοτσστή,
532 2931 570 2993 cf.
598 2930 713 2993 Boekh
735 2931 768 3007 I,
794 2951 826 3012 p.
848 2929 937 3016 393).
977 2932 1047 2992 Has
1064 2930 1237 3012 pensiones
1255 2927 1459 2990 detrectasse

234 3044 384 3106 videntur
417 3041 614 3118 Phaselitae,
646 3044 676 3105 in
703 3063 779 3103 eum
803 3051 935 3125 portum
960 3042 1161 3124 appellentes
1186 3042 1241 3122 qui
1267 3060 1391 3101 nomen
1418 3039 1459 3101 ab

235 3155 299 3217 hoc
324 3175 428 3236 genus
452 3154 638 3216 hominibus
658 3156 796 3216 traxisse
812 3155 940 3216 videtur
956 3155 1034 3237 (non
1050 3174 1069 3215 a
1085 3159 1190 3230 λῃσταῖς
1210 3161 1244 3213 ut
1260 3151 1332 3213 vult
1348 3171 1459 3232 gram-

236 3268 373 3328 maticus
397 3286 449 3348 ap.
473 3266 602 3328 Bekker
620 3287 650 3328 u.
669 3265 708 3351 s).
747 3265 796 3327 Ea
820 3285 905 3347 quae
930 3265 1013 3326 clam
1031 3244 1258 3326 inveherentur
1274 3267 1459 3340 (ἀτελὼνητο,

236 3386 425 3454 dunelmen)
451 3376 566 3439 Buckh
591 3377 728 3439 affirmat
752 3397 771 3438 a
795 3381 1038 3453 πεντηκοστολόγος
1064 3397 1136 3438 esse
1164 3376 1343 3458 prehensa;
1364 3379 1459 3458 quod

234 3490 302 3551 veri
335 3497 384 3550 est
416 3489 617 3551 simillimum
649 3509 756 3571 neque
780 3497 889 3551 tamen
914 3484 1016 3572 (quod
1042 3489 1152 3550 statuit
1177 3487 1318 3550 Frankel
1343 3497 1458 3552 annot.

240 3599 317 3685 552)
350 3621 393 3662 ex
424 3600 565 3662 obscuro
598 3600 672 3662 loco
707 3617 848 3681 21,133,
884 3620 982 3681 quem
1008 3599 1094 3661 Weil
1127 3599 1269 3682 explicat
1297 3599 1339 3661 de
1365 3601 1459 3662 urbis

237 3709 401 3773 Chalcidis
425 3717 687 3789 torporemque,
714 3709 797 3773 effici
822 3720 940 3794 potest.
