3008 5296
279 925 311 985 p,
338 919 451 984 937‚9,
477 909 624 974 πότεμνν
648 901 842 983 plerumque
862 901 903 963 ad
920 901 1106 963 evitandum
1123 900 1248 963 hiatum
1265 902 1451 964 adhibetur.

234 1013 309 1076 Sine
335 1015 519 1075 discrimine
543 1013 674 1094 ponitur
698 1019 812 1086 πότερα.
862 1012 1048 1092 Utrumque
1075 1027 1193 1092 23,79.:
1219 1018 1339 1085 πότερον
1360 1020 1453 1087 diupo·

233 1150 274 1182 κεν
293 1133 311 1200 ἢ
329 1128 362 1182 οὔ
381 1127 422 1181 καὶ
442 1130 535 1196 πότερ’
556 1127 623 1180 ἄκων
642 1130 659 1196 ἢ
679 1126 750 1180 ἑκών.

286 1252 335 1298 12.
384 1242 610 1309 γιγνώσκομεν
641 1252 739 1313 saepe
762 1232 807 1294 ita
832 1240 1006 1313 usurpatur
1031 1232 1072 1293 de
1096 1232 1209 1294 notitia
1233 1233 1393 1309 durante,
1421 1242 1457 1295 ut

233 1347 349 1428 probat
374 1345 448 1407 Fox
471 1343 512 1406 ad
538 1343 659 1425 Megal.
685 1365 717 1425 p.
744 1341 799 1419 46.

286 1474 334 1518 12.
383 1460 575 1526 ένμάναμεν
600 1455 728 1535 scripsit
745 1452 889 1513 Dindors
899 1452 1132 1534 refragantibus
1150 1453 1340 1530 codicibus,
1361 1455 1455 1516 Reis-

232 1569 304 1642 kio,
332 1565 501 1641 Bekkero‚
532 1563 716 1626 Schaeser0.
757 1563 861 1644 Apud
886 1563 1029 1625 comicos
1055 1563 1188 1645 quidem
1214 1573 1358 1627 metrum
1384 1587 1456 1648 per-

232 1698 329 1759 saepe
350 1682 472 1748 ὐμαμόν
488 1675 632 1757 postulat
650 1673 805 1758 (Blaydes
821 1674 862 1736 ad
879 1674 939 1736 Ar.
958 1674 1090 1737 Thesm.
1111 1693 1164 1755 32.
1183 1676 1267 1738 Plut.
1286 1678 1344 1756 98.
1365 1677 1398 1737 N
1402 1678 1455 1740 ub.

233 1788 299 1867 766
332 1786 395 1870 cet)
429 1807 542 1848 verum
567 1788 599 1847 in
624 1784 848 1846 Demosthene
873 1785 1004 1847 codices
1028 1786 1123 1848 valde
1146 1788 1287 1863 variant,
1315 1790 1457 1869 ipseque

233 1903 255 1956 Σ
278 1920 343 1960 non
368 1918 441 1959 raro
467 1895 600 1958 exhibet
626 1923 657 1959 w.
684 1892 771 1979 (vide
796 1895 887 1957 locos
911 1917 962 1978 ap.
985 1897 1135 1958 Voemel.
1155 1897 1285 1978 Proleg.
1305 1896 1454 1961 Gramm.

231 2011 271 2073 ad
298 2010 340 2071 D.
367 2009 535 2069 contiones
560 2029 591 2089 p.
620 2022 680 2087 79;
706 2007 801 2088 plura
824 2007 879 2068 dat
903 2007 1050 2083 Franke‚
1075 2007 1167 2069 Lect.
1185 2007 1310 2070 Aesch.
1335 2009 1454 2072 Philol.

232 2121 246 2182 I
274 2119 388 2201 Suppl.
415 2119 481 2196 448
508 2119 562 2198 qui
589 2120 620 2179 in
642 2119 818 2179 novissima
834 2116 1009 2178 Aeschinis
1027 2119 1168 2179 editione
1190 2119 1287 2181 1888.
1315 2121 1453 2183 Praefat.

231 2233 271 2294 ad
307 2250 332 2306 1,
340 2244 354 2310 5
362 2249 378 2310 3
414 2229 551 2292 eandem
584 2248 731 2291 normam
759 2249 845 2289 nunc
870 2249 1002 2310 quoque
1027 2230 1058 2289 in
1083 2228 1250 2291 Aeschine
1275 2231 1453 2312 observat).

232 2341 317 2405 Cum
337 2362 415 2403 vero
438 2344 460 2396 Σ
476 2359 633 2422 persaepe
649 2340 782 2400 brevem
800 2339 958 2418 syllabam
976 2340 1129 2420 praebeat
1145 2359 1252 2421 neque
1270 2343 1454 2422 excogitari

230 2454 334 2535 possit
367 2472 465 2513 causa
494 2471 551 2512 cur
577 2448 819 2511 Demosthenes
844 2450 903 2511 sibi
928 2470 993 2512 non
1018 2451 1214 2526 constiterit,
1240 2451 1455 2533 praeferenda

231 2563 358 2625 videtur
385 2562 488 2623 forma
512 2559 738 2623 Grammaticis
763 2562 870 2621 minus
894 2568 981 2622 nota.
1032 2561 1084 2621 De
1110 2569 1221 2622 nostro
1244 2569 1357 2623 tamen
1383 2583 1453 2624 ora·

230 2684 300 2738 tore
326 2675 397 2756 quis
423 2682 547 2734 certum
572 2672 694 2754 aliquid
719 2677 860 2733 statuet?

283 2803 332 2864 13.
381 2787 514 2857 φανερὰ
535 2788 674 2856 ποιῆσαι
698 2782 784 2844 idem
806 2783 895 2863 quod
917 2785 978 2855 (εἰς)
998 2786 1112 2857 ἐμφανὲς
1133 2794 1311 2858 taramriam:
1335 2797 1451 2862 52,ΙΟ;

233 2897 352 2975 33‚18;
383 2891 476 2971 56‚3;
505 2892 565 2970 38;
594 2909 654 2971 39;
681 2909 744 2968 40;
770 2906 825 2971 45-

277 3009 456 3078 ἀφανίζειν
476 3007 515 3059 τὰ
535 3007 613 3058 ὄντα
638 3010 688 3063 est
711 3002 860 3079 vendere;
887 3004 933 3065 sic
959 3004 1037 3084 LyS.
1059 3020 1176 3083 20,23:
1195 3010 1240 3079 τὴν
1256 3007 1347 3061 οὐσίαν
1364 3011 1453 3080 ἀφανῆ

230 3125 389 3189 καταστῆσαι
413 3111 499 3173 idem
524 3120 574 3173 est
597 3114 687 3194 quod
710 3118 897 3189 ἐξαμμνμιζειν
923 3115 1020 3177 Dem.
1050 3116 1112 3194 5,8.

280 3223 333 3285 De
369 3223 553 3285 discrimine
589 3224 671 3285 inter
707 3230 805 3300 ἀφανής
842 3233 874 3287 et
906 3234 1011 3302 φανερὰ
1040 3232 1118 3284 οὐσία
1150 3225 1188 3287 cf.
1224 3223 1451 3289 Buchsensch.

232 3357 264 3417 p.
292 3336 345 3414 38.
396 3335 527 3416 Lipsius
551 3335 593 3396 ad
619 3335 868 3399 Mei-Schoem.
886 3346 994 3400 annot.
1017 3351 1081 3418 519
1098 3333 1144 3420 (p.
1159 3335 1239 3417 670)
1256 3337 1303 3398 sic
1321 3336 1451 3400 definit:

233 3451 358 3522 ,μμνεμὰ
391 3466 429 3507 ea
461 3454 511 3507 est
541 3451 620 3505 οὐσία
653 3467 752 3527 quam
786 3449 858 3530 quis
891 3451 934 3510 ita
965 3450 1129 3532 possidet,
1162 3457 1196 3509 ut
1221 3467 1256 3508 se
1279 3449 1453 3530 possidere

231 3577 351 3639 negare
383 3556 556 3638 nequeat.”
598 3557 711 3639 Atque
744 3558 819 3621 huic
851 3559 935 3621 favet
967 3560 1059 3623 locus
1091 3576 1142 3638 27,
1150 3573 1164 3640 5
1173 3574 1208 3639 5:
1239 3567 1346 3635 φανερά
1370 3580 1450 3644 ορρ.

231 3673 413 3744 κεκρυμμένα,
440 3687 524 3749 quae
548 3687 614 3730 non
639 3668 700 3730 sub
724 3677 809 3731 terra
831 3669 958 3732 defossa
976 3671 1034 3733 sed
1051 3672 1140 3735 dorni
1156 3684 1232 3737 sunt
1248 3671 1332 3760 (ἔνδον
1349 3678 1364 3753 §
1383 3672 1450 3761 56).
