3008 5296
669 517 709 575 41

65 695 226 757 laudatur
250 703 438 772 πρεσβευτής,
466 705 498 758 et
525 694 625 776 34‚26
652 698 861 772 πραςεδρεύων,
889 693 944 773 qui
970 691 1119 753 homines
1145 692 1305 754 dabantur

67 806 116 868 ad
142 827 261 868 merces
286 808 497 869 comitandas.

121 933 177 996 23.
226 923 312 991 πρὸς
335 920 459 974 τούσδε
479 918 749 990 ἐξεμαρτύρησε
774 922 835 975 cet.
877 912 967 977 Ante
993 912 1304 993 Blassiumlegeba-
1405 907 1408 913 ι

63 1036 124 1089 tur
158 1033 226 1100 πρὸς
249 1033 353 1088 roiate:
374 1034 506 1105 praeter
529 1024 601 1100 lc053
628 1024 686 1086 sed
711 1045 787 1086 cum
813 1027 828 1101 ξ
856 1042 899 1103 34
925 1026 1021 1080 τούσδε
1046 1024 1078 1084 in
1104 1023 1303 1103 quibusdam

62 1138 179 1199 bonae
203 1144 301 1199 notae
326 1137 414 1198 libris
442 1137 522 1198 Mss,
549 1137 607 1210 sit,
634 1137 789 1210 mutavit;
816 1154 876 1196 nec
901 1135 970 1195 sine
988 1154 1104 1208 causa;
1123 1153 1199 1194 cum
1217 1134 1304 1194 enim

63 1253 259 1322 ἐκμαρτυρίαν,
302 1248 525 1309 testimonium
566 1255 622 1306 aut
654 1255 789 1327 propter
823 1245 975 1307 morbum
1012 1243 1214 1320 absentium,
1248 1253 1305 1306 aut

63 1377 211 1439 peregre
242 1359 441 1419 versantium
467 1354 585 1440 (Bekk.
612 1356 725 1418 anecd.
752 1377 784 1438 p.
816 1357 877 1417 188
905 1376 929 1416 s.
956 1376 985 1416 v.
1011 1360 1191 1426 ἐκραρτυρεῖν
1211 1360 1241 1412 τὸ
1261 1379 1303 1410 να-

63 1474 257 1541 ταμαρτιιρεῐν
277 1471 329 1544 οὐχ
351 1472 422 1541 ἅπερ
442 1469 497 1525 εἶδέ
516 1490 553 1532 τις
577 1469 630 1523 ἀλλ’
653 1471 724 1538 ἅπερ
744 1464 864 1550 ἧκαυσεν)
891 1464 1072 1526 confirmari
1098 1463 1216 1525 debeat
1240 1473 1303 1525 tes-

62 1579 209 1638 timonio
235 1598 349 1639 eorum
375 1579 432 1658 qui
452 1597 487 1638 se
508 1576 590 1638 haec
607 1596 650 1636 ex
667 1575 729 1637 illis
746 1576 888 1637 audiisse
905 1575 1134 1657 profiteantur,
1153 1574 1303 1635 addenda

63 1695 163 1749 erant
188 1689 408 1768 praesentium
433 1688 567 1749 testium
593 1687 741 1760 nomina,
762 1687 818 1767 qui
840 1687 946 1748 vocati
965 1687 1093 1767 possint
1110 1685 1303 1746 confirmare

63 1817 104 1858 se
130 1796 214 1858 haec
239 1798 283 1858 ita
306 1797 484 1878 accepisse.
511 1796 548 1858 cs.
579 1795 661 1857 lsae.
690 1812 769 1874 3,20
794 1815 894 1877 seqq,
922 1795 1020 1857 Dem.
1039 1793 1137 1873 46.6:
1161 1798 1200 1866 (αἱ
1218 1800 1302 1866 νόμοι)

63 1905 150 1978 ἀκαήν
170 1908 216 1961 οὐκ
236 1910 300 1962 ἐῶσι
320 1913 419 1970 ζῶντας
441 1912 590 1979 μαρτυρεῖν
603 1913 636 1967 et
648 1926 733 1985 quae
747 1914 943 1987 sequuntur,
959 1913 1058 1986 atque
1069 1901 1300 1966 Mei-Schdm.

63 2035 100 2095 p.
113 2015 183 2092 879
194 2034 219 2075 s,
238 2012 292 2075 Sic
305 2014 379 2075 loco
393 2022 520 2075 mutato
534 2016 677 2077 concidit
689 2016 929 2078 Westermanni
940 2017 1105 2097 oppositio
1117 2036 1147 2076 u.
1158 2035 1184 2076 s.
1196 2035 1228 2095 p.
1241 2015 1259 2074 8
1267 2027 1280 2092 5
1294 2036 1299 2074 :

63 2123 155 2185 hanc
180 2129 362 2198 ἐκμαρτυρίαν
387 2124 478 2185 nullo
502 2127 691 2187 testimonio
717 2126 917 2202 confirmari,
945 2126 1035 2208 quod
1053 2125 1120 2187 fieri
1138 2133 1299 2206 oporteat.

64 2235 125 2295 De
151 2254 301 2314 praepos.
329 2244 396 2308 πρός
426 2255 453 2296 c.
481 2235 563 2298 Acc.
589 2237 677 2298 idem
702 2237 792 2318 quod
817 2258 925 2298 coram
950 2239 1113 2320 (propriez
1133 2254 1301 2297 conversus

63 2343 142 2430 ad-)
167 2343 359 2424 significanti
381 2345 419 2406 cf.
439 2346 521 2408 Isae.
543 2360 638 2426 3‚25:
657 2354 726 2421 πρὸς
742 2352 803 2414 τοὺς
818 2355 995 2425 ἐπιτυχόντας
1013 2353 1300 2422 ἐκμαρτυρησάρενιις,

64 2454 127 2516 ubi
162 2452 314 2516 Schoem.
345 2453 456 2517 laudat
481 2455 560 2536 Lys.
589 2456 690 2534 26,14
714 2463 770 2515 ἔστι
790 2463 819 2516 δὲ
839 2464 942 2523 τούτοις
964 2462 1011 2528 μὲν
1032 2463 1099 2532 πρὸς
1122 2460 1192 2526 ὑμᾶς
1214 2460 1300 2530 ἁγών,

63 2569 132 2634 ὑμῖν
151 2568 181 2622 δὲ
201 2571 268 2638 πρὸς
290 2569 392 2622 ἅπασαν
412 2573 457 2640 τὴν
477 2572 559 2627 πόλιν.
585 2567 624 2629 cf.
652 2553 799 2629 Miitznel'
822 2567 864 2629 ad
890 2568 1035 2647 Lycurg.
1063 2569 1078 2643 ξ
1104 2564 1146 2644 63
1166 2585 1198 2645 p.
1224 2581 1298 2643 191.

64 2672 179 2755 Saepe
209 2681 319 2734 tamen
352 2675 503 2737 scribitur
534 2683 602 2750 πρὸς
631 2689 669 2754 τῷ
695 2687 822 2754 διαιτητῇ.
870 2678 1058 2758 Utrumque
1092 2676 1172 2755 Lys.
1204 2672 1297 2749 10,6:

63 2788 134 2856 ἐρεῖ
150 2785 180 2838 δὲ
199 2789 266 2855 πρὸς
291 2786 359 2852 ὑμᾶς
382 2788 453 2858 ἅπερ
472 2789 574 2854 ἐτόλμα
596 2791 679 2862 λέγειν
699 2789 740 2843 καὶ
761 2794 828 2861 πρὸς
854 2798 892 2863 τῷ
913 2794 1040 2863 διαιτητῇ.
1059 2786 1097 2848 cf.
1117 2785 1160 2847 D.
1179 2800 1298 2863 27‚49;

66 2907 193 2971 39,22;
230 2890 349 2971 36‚33;
384 2910 498 2972 49‚I2.
550 2893 616 2955 Sed
650 2910 769 2974 27‚5I:
805 2898 972 2953 ἐπιδεικνύναι
997 2903 1064 2969 πρὸς
1088 2903 1132 2953 τὸν
1153 2902 1298 2970 διαιτητήν,

65 3011 106 3063 ut
134 3009 247 3062 contra
271 3003 392 3081 4458:
418 3010 487 3077 πρὸς
509 3009 591 3064 ἅπασι
611 3013 663 3071 ταῖς
685 3013 830 3080 συνεδρίαις
855 3011 934 3082 λόγου
954 3013 992 3082 μὴ
1014 3013 1181 3081 στερηθῆναι,

120 3886 174 3946 28·
223 3889 282 3954 μὲν
302 3889 370 3949 οὖν.
421 3885 537 3949 Cicero
563 3889 605 3950 ita
630 3888 755 3969 colligit
779 3908 855 3970 per:
884 3887 964 3963 „ac”
991 3886 1043 3949 vel
1064 3884 1294 3967 „ac-quidem'’

67 3996 113 4058 de
138 4015 204 4076 qua
228 3977 367 4057 formula
391 3997 574 4060 conferatur
600 3998 757 4074 Kiihner‚
783 3998 878 4060 Ausf.
902 3993 1193 4058 Latein.Gramm.
1213 3996 1296 4076 Hp.

67 4105 210 4185 649,15.
260 4106 417 4169 Formula
448 4114 495 4178 μὲν
515 4113 560 4168 οὖν
593 4111 818 4185 usitatissima,
853 4108 1044 4190 praesertim
1077 4115 1153 4188 post
1183 4107 1299 4166 instru-

67 4224 181 4278 menta
206 4217 349 4278 recitata.
384 4214 431 4280 Cf.
459 4217 611 4280 Gebauer
636 4219 792 4301 Append.
817 4218 860 4280 ad
886 4218 965 4299 Lys.
997 4217 1105 4294 12,48.

117 4346 151 4407 p.
178 4342 291 4405 930‚2‚
341 4329 641 4400 παραβαίνεινκαῖ
661 4335 704 4404 μὴ
724 4334 833 4385 ποιεῖν
853 4332 892 4384 τὰ
911 4351 1008 4402 We·
1037 4325 1149 4387 Genus
1163 4324 1299 4406 amplifi-

68 4437 209 4498 cationis
243 4437 394 4499 crebrum
426 4438 514 4519 apud
546 4438 826 4514 Demosthenem,
854 4437 908 4499 ubi
933 4437 1084 4518 negative
1109 4443 1300 4517 repetuntur
