3008 5296
114 932 118 939 ·
184 933 217 994 7,
268 919 394 985 μᾶλλον
415 922 450 972 δέ
474 922 548 990 '2,2;
581 915 701 992 18,297
727 921 759 973 et
784 933 893 994 saepe.
943 913 1099 975 Formula
1124 923 1173 975 est
1190 917 1364 977 eorrectio-

135 1029 205 1102 016,
239 1031 475 1102 ἐπιδιορθώσεως,
511 1025 552 1085 (16
585 1044 650 1105 qua
675 1023 713 1085 cf.
746 1022 865 1085 Straub
891 1024 945 1105 (de
970 1025 1090 1106 tropiS,
1117 1023 1193 1109 cet.)
1218 1046 1250 1106 p.
1282 1042 1362 1102 104;

134 1136 328 1198 Volkmann
355 1129 551 1209 Rhetorik²,
577 1154 609 1214 p.
637 1131 723 1212 496;
751 1132 854 1194 Blass.
880 1132 951 1194 Att.
979 1133 1052 1196 Ber.
1081 1133 1150 1208 III,
1184 1133 1291 1209 1,160.

184 1262 217 1324 7,
268 1248 372 1302 αὐτὸν
392 1249 448 1302 τὸν
468 1250 569 1314 νόμον
594 1251 630 1304 ut
655 1244 771 1322 19,38;
801 1241 919 1319 21,46;
950 1257 1001 1322 52.

184 1372 216 1434 7.
268 1354 389 1418 adroic
410 1353 456 1414 sie
473 1352 658 1433 frequenter
675 1353 729 1414 ubi
744 1353 849 1414 scriba
861 1352 1059 1434 appellatur:
1080 1354 1196 1433 18,89;
1217 1370 1234 1414 2
1240 1372 1291 1432 3,1
1301 1357 1361 1430 78;

136 1464 252 1544 24,64.

183 1595 216 1656 9.
267 1576 436 1649 ἀργύριον
462 1577 505 1629 δέ.
555 1574 715 1635 Particula
748 1578 786 1629 δέ
816 1582 887 1634 tum
917 1573 1053 1654 legitur,
1082 1574 1136 1634 ubi
1161 1595 1236 1655 pars
1262 1574 1362 1655 legis,

134 1684 314 1768 epistolae,
341 1681 462 1744 decreti
488 1692 568 1760 cet,
595 1685 749 1746 recitatur
773 1703 792 1744 6
816 1683 926 1745 medio
952 1703 1090 1764 corpore
1107 1694 1255 1765 sumpta,
1274 1685 1364 1746 velut

135 1798 276 1877 19,181;
303 1792 366 1869 62;
396 1795 515 1873 58,23;
541 1808 663 1873 45,20;
690 1793 750 1855 Ar.
776 1793 868 1855 Aves
894 1809 991 1873 1035.
1028 1793 1142 1875 Atque
1160 1794 1212 1855 hie
1230 1795 1363 1876 quidem

134 1927 212 1988 pars
247 1905 373 1966 recitari
406 1904 534 1965 videtur
565 1905 646 1986 legis
672 1905 901 1978 mercatoriae;
929 1905 1022 1965 cuius
1047 1905 1137 1965 initio
1161 1904 1297 1966 fortasse
1323 1906 1364 1966 de

133 2016 299 2077 frumento
324 2013 499 2094 agebatur,
525 2015 760 2096 vetabaturque
786 2014 818 2075 id
843 2013 907 2075 alio
931 2015 1052 2094 portari
1078 2034 1177 2094 quam
1194 2014 1362 2090 Athenas;

89 2092 91 2117 Ι
135 2127 228 2209 quod
253 2145 340 2187 nune
365 2125 409 2186 ita
433 2125 637 2200 extenditur,
665 2134 700 2186 ut
724 2126 897 2207 pecuniam
923 2144 1055 2206 quoque
1080 2125 1233 2187 collocari
1259 2128 1291 2187 in
1309 2146 1363 2187 na-

134 2238 232 2299 vibus
264 2235 422 2298 aliorsum
454 2236 530 2297 talia
562 2256 662 2298 onera
693 2234 887 2298 vehentibus
920 2244 1047 2297 vetetur
1080 2231 1139 2319 (sic
1165 2235 1362 2313 Salmasius,

136 2348 177 2410 de
205 2347 312 2408 Modo
337 2345 520 2408 Usurarum
545 2367 577 2428 p.
605 2348 792 2428 194,195.);
812 2366 911 2429 quam
929 2347 971 2408 ob
989 2366 1121 2408 causam
1138 2349 1270 2421 ἀργύριον
1287 2366 1363 2407 cum

136 2459 168 2520 vi
193 2457 417 2540 praeponitur.

183 2567 302 2649 Itaque
326 2586 422 2628 versu
449 2583 487 2627 12
513 2576 587 2628 ante
612 2573 705 2625 σῖτον
729 2566 938 2628 inserendum
963 2575 1044 2647 puto
1069 2572 1126 2623 τόν
1152 2575 1187 2627 ut
1208 2568 1266 2628 sit:
1282 2567 1363 2644 fru-

136 2687 276 2739 mentum
313 2676 509 2755 amposz‘tum
546 2677 668 2757 alioqui
705 2677 905 2738 interdicitur
941 2697 982 2738 ne
1019 2678 1092 2759 quis
1129 2675 1298 2739 contrahat
1331 2678 1362 2737 in
1468 2753 1470 2756 Ι

136 2788 234 2851 aliam
263 2808 379 2851 navem
405 2807 503 2869 quam
529 2787 789 2863 frumentariam,
816 2788 905 2869 quod
930 2788 981 2849 vel
1006 2796 1118 2849 nostra
1141 2789 1288 2849 oratione
1312 2807 1362 2848 re-

89 2952 92 2961 .
137 2899 317 2979 darguitur.
359 2897 416 2958 Ad
442 2918 574 2958 eausam
600 2918 678 2959 vero
704 2898 745 2959 de
771 2918 836 2980 qua
860 2899 984 2978 agitur,
1011 2897 1064 2959 hic
1081 2896 1163 2978 legis
1181 2898 1274 2959 locus
1291 2898 1362 2959 nul-

135 3010 199 3070 lius
232 3017 282 3069 est
314 3009 489 3082 momenti;
520 3009 674 3088 quocirca
698 3017 788 3069 actor
814 3006 846 3090 (a
871 3028 937 3089 quo
962 3009 1161 3090 exscriptam
1187 3008 1360 3069 formulam

134 3120 220 3200 legis
255 3118 370 3179 recitat
405 3114 523 3202 scriba)
555 3117 596 3178 ad
630 3118 799 3199 sequentia
830 3126 984 3199 properat
1016 3138 1074 3199 per
1106 3118 1205 3179 verba
1237 3139 1267 3179 v.
1300 3136 1358 3197 13:

134 3231 177 3284 καὶ
198 3231 280 3285 τᾶλλα
297 3263 328 3271 -
343 3230 447 3303 αὐτῶν,
475 3247 559 3308 quae
583 3228 662 3289 mihi
684 3229 817 3309 quidem
835 3226 880 3311 (in
898 3228 1010 3289 haere
1028 3227 1214 3289 Bdckhium
1233 3227 1360 3313 secuto)

134 3359 203 3400 non
234 3339 276 3400 ad
308 3337 417 3419 legem
442 3340 603 3419 pertinere
627 3339 795 3414 videntur,
821 3358 928 3419 neque
953 3358 1060 3419 poena
1084 3338 1125 3399 de
1150 3337 1214 3399 hoc
1239 3339 1359 3400 delicto

136 3451 313 3511 constituta
344 3470 396 3512 vv.
423 3467 463 3526 14
495 3457 528 3511 et
557 3461 592 3527 15
626 3449 805 3529 quidquam
830 3450 944 3510 attinet
969 3448 1009 3510 ad
1035 3469 1167 3510 causam
1192 3450 1358 3529 petitoris;

137 3570 247 3623 utrum
279 3581 309 3622 v.
344 3558 396 3620 16:
430 3566 556 3635 narrares>
584 3596 616 3605 —
633 3566 700 3617 κατὰ
725 3564 813 3617 ταύτά
840 3561 988 3641 petitoris
1013 3560 1077 3620 sint
1101 3578 1142 3620 an
1167 3558 1266 3640 legis,
1294 3579 1360 3621 non

136 3670 358 3745 diiudicarim,
400 3690 600 3752 quamquam
640 3669 673 3731 in
713 3669 780 3749 lege
819 3675 922 3746 εἰῇοηται
958 3690 1019 3752 pro
1054 3678 1205 3746 γέγραπται
1241 3672 1360 3732 mirum

135 3780 264 3843 videtur
296 3777 348 3864 (de
379 3780 453 3861 lege
486 3781 604 3842 dieitur
628 3781 766 3863 Antiph.
794 3782 868 3859 6,4;
895 3781 1000 3844 Thuc.
1028 3780 1185 3866 1,139,2).
1236 3780 1302 3843 Sed
1327 3783 1359 3843 in

136 3892 255 3974 quibus
280 3891 411 3972 pondus
436 3893 535 3968 inest,
563 3892 616 3953 ilia
641 3900 716 3954 sunt
741 3912 824 3973 quae
849 3901 1047 3973 sequuntur,
1074 3896 1115 3949 καὶ
1138 3899 1194 3966 δίκη
1219 3901 1299 3968 cet.,
1327 3892 1359 3954 in

136 4004 254 4085 quibus
280 4008 353 4080 αὐτῷ
378 4024 408 4065 v.
436 4018 469 4080 17
496 4003 596 4064 deleri
622 4004 732 4065 malim
758 4006 902 4086 ponique
922 4028 961 4068 τις
984 4012 1060 4085 post
1075 4009 1152 4080 ἐκδῷ.
1179 4003 1256 4065 Non
1273 4004 1359 4065 enim

137 4114 180 4176 de
203 4115 320 4177 eodem
346 4115 466 4176 delicto
491 4123 593 4197 agunt
618 4115 659 4175 de
685 4135 751 4196 quo
776 4136 806 4178 ν.
825 4128 944 4194 14,15:
971 4121 1016 4172 ἐὰν
1036 4120 1066 4172 δέ
1085 4139 1122 4179 τις
1141 4150 1171 4160 -
1185 4117 1358 4188 ἐπιμελητάς

137 4245 211 4287 nam
245 4227 276 4288 in
310 4246 409 4308 quem
441 4224 570 4307 phasis,
597 4227 682 4287 actio
708 4247 836 4302 severa,
864 4226 986 4288 intendi
1011 4234 1156 4308 poterat,
1183 4224 1260 4286 huie
1285 4242 1360 4304 pro-

136 4336 221 4399 secto
246 4358 312 4400 non
337 4357 421 4419 opus
447 4346 515 4399 erat
539 4338 612 4419 lege
637 4339 784 4400 interdici
802 4338 978 4419 quominus
995 4339 1066 4418 ipse
1083 4337 1124 4397 de
1141 4334 1203 4397 hac
1220 4335 1360 4417 pecunia

136 4450 211 4533 lege
234 4459 356 4533 ageret.
407 4449 461 4512 Sic
487 4449 652 4512 intellecto
677 4459 710 4512 et
734 4450 912 4512 constituto
937 4450 1011 4511 loco
1037 4449 1146 4511 omnia
1168 4448 1228 4510 rite
1244 4464 1359 4529 proce·
