3008 5296
723 505 771 547 Xll

140 690 239 756 522111,
270 691 369 758 532111,
401 692 483 758 592¹ss
509 681 590 741 inter
614 701 649 741 se
674 681 813 741 eundem
839 688 1004 741 auctorem
1030 680 1164 760 habere,
1192 685 1361 748 diversum

135 789 175 851 ab
200 810 240 851 eo
266 810 363 871 quem
387 791 476 852 aiunt
500 793 642 871 priorem
667 793 782 852 seriem
809 791 1057 871 conscripsisse,
1077 793 1228 874 improbo
1248 794 1362 856 labore

136 919 250 980 parum
282 900 434 981 profecit,
469 920 551 982 quae
584 901 670 962 enim
704 901 877 961 convenire
901 900 1049 961 videntur
1074 921 1138 963 non
1163 903 1261 984 plura
1288 913 1363 966 sunt

136 1029 233 1088 quam
265 1029 348 1092 quae
382 1011 567 1092 discrepant
598 1020 695 1092 atque
727 1011 982 1091 argumentatiO,
1014 1012 1236 1074 minutissimis
1260 1015 1362 1077 'rebus

136 1121 223 1195 nisa,
258 1141 323 1182 non
357 1129 466 1203 potest
489 1141 554 1182 non
579 1121 795 1183 infirmissima
820 1141 901 1182 esse.
953 1119 1047 1201 Quae
1071 1130 1179 1184 tamen
1205 1124 1362 1187 laudabili

136 1229 292 1292 industria
316 1233 498 1312 congessit,
524 1231 577 1292 hic
602 1231 667 1293 illic
692 1231 771 1294 inira
796 1233 827 1292 in
852 1250 961 1292 meum
986 1251 1080 1292 usum
1106 1242 1310 1297 convertam.

184 1342 299 1403 Restat
327 1350 362 1403 ut
386 1342 427 1403 de
452 1342 516 1403 litis
541 1344 761 1404 instrumentis
787 1343 923 1403 orationi
949 1343 1075 1404 insertis
1102 1343 1269 1421 dicamus,
1299 1365 1363 1428 qua

137 1455 168 1514 in
193 1473 228 1514 re
251 1452 470 1515 adversarium
496 1453 654 1515 habemus
679 1452 723 1516 A.
751 1453 995 1529 Westermann,
1023 1455 1076 1536 qui
1101 1453 1176 1516 loco
1194 1453 1277 1517 infra
1295 1455 1361 1518 lau·

135 1564 212 1625 dato
237 1564 364 1645 singula
388 1584 493 1645 neque
517 1563 612 1625 huius
637 1565 791 1625 orationis
817 1562 886 1625 sola
906 1564 1118 1625 instrumenta
1135 1566 1359 1647 impugnavit,

134 1675 261 1737 falsario
286 1695 324 1736 ea
347 1675 544 1737 adscribens
596 1674 704 1755 Quam
729 1675 934 1756 opinionem,
961 1668 1134 1756 postquam
1159 1675 1362 1758 aliquamdiu

136 1788 299 1867 regnavit,
332 1787 522 1869 praesertim
556 1806 631 1848 cum
659 1787 769 1867 negari
795 1805 860 1847 non
885 1794 997 1866 posset
1020 1787 1167 1868 publicas
1192 1790 1361 1851 orationes

135 1919 154 1960 a
186 1899 405 1979 grammaticis
438 1908 548 1960 auctas
573 1919 645 1959 esse
670 1897 849 1959 subditiciis
874 1897 1018 1958 formulis
1043 1897 1172 1980 legum,
1199 1899 1360 1976 decretiS,

135 2010 344 2085 testimoniis,
371 2011 564 2071 exstiterunt
587 2008 719 2070 tandem
744 2009 797 2090 qui
824 2010 929 2069 conati
955 2010 1018 2070 sint
1041 2009 1202 2084 refellere,
1222 2011 1362 2092 profecti

136 2120 177 2181 ab
211 2120 472 2201 inscriptionibus
504 2119 649 2202 lapidum
682 2121 809 2181 interim
842 2128 1053 2201 repertorum.
1104 2119 1158 2182 Sic
1188 2121 1362 2185 Lacriteae

136 2232 348 2292 instrumenta
372 2230 551 2312 inaugurali
577 2231 802 2292 dissertatione
822 2232 971 2293 tractavit
987 2232 1015 2310 J.
1035 2231 1073 2293 E.
1093 2231 1257 2293 Kirchner
1276 2231 1362 2317 (Ha-

136 2343 174 2403 lis
209 2340 394 2417 Saxonum,
422 2342 538 2427 1883),
565 2342 863 2424 demonstravitque
887 2343 1018 2403 nomina
1042 2342 1201 2423 quaedam
1226 2345 1360 2407 testium

136 2472 306 2514 occurrere
330 2453 362 2514 in
386 2452 504 2528 titulis;
530 2461 645 2534 postea
669 2452 721 2534 (cs.
747 2460 856 2514 annot.
882 2453 924 2514 ad
948 2452 961 2524 5
988 2454 1040 2535 14)
1065 2454 1152 2515 idem
1175 2455 1224 2515 vir
1243 2455 1363 2518 doctus

136 2563 223 2626 aliud
248 2583 367 2625 nomen
391 2566 500 2640 testis,
526 2564 644 2625 additis
668 2565 768 2645 patris
794 2572 825 2624 et
850 2563 954 2639 demi,
981 2584 1024 2625 ex
1041 2564 1158 2625 eodem
1174 2565 1265 2627 fonte
1283 2566 1363 2629 hau-

136 2677 187 2737 sit.
238 2675 331 2736 Haec
356 2684 549 2757 argumenta
572 2677 659 2758 (nam
677 2695 759 2756 quae
776 2685 943 2757 praeterea
960 2675 1122 2737 Kirchner
1139 2686 1252 2738 monet
1268 2680 1363 2758 parvi

136 2788 293 2849 momenti
326 2786 412 2871 sunt)
438 2789 514 2848 satis
539 2788 650 2867 gravia
674 2807 746 2847 esse
771 2788 881 2867 negari
906 2807 971 2848 non
996 2795 1105 2868 potest
1114 2810 1121 2862 ;
1148 2807 1247 2869 quem
1273 2790 1363 2850 enim

135 2897 298 2959 falsarium
322 2906 411 2959 tanta
436 2898 601 2979 diligentia
626 2899 868 2960 consarcinasse
893 2906 1043 2979 putamus
1069 2899 1258 2980 quisquilias
1285 2920 1362 2962 suas

137 3017 172 3070 ut
203 3008 254 3070 vel
287 3008 411 3090 lapides
444 3017 640 3071 scrutaretur
672 3008 713 3070 ad
738 3008 895 3070 fallendos
920 3018 1127 3090 posterorum
1152 3011 1362 3073 saeculorum

137 3121 223 3182 viros
249 3121 387 3181 doctos?
437 3120 508 3180 Nec
533 3140 598 3181 non
622 3120 798 3182 tenendum
824 3129 889 3196 est,
916 3122 969 3201 agi
995 3120 1035 3181 de
1053 3122 1198 3182 oratione
1213 3123 1361 3204 privata,
1388 3182 1391 3187 .

139 3251 221 3313 quae
246 3251 320 3292 cum
344 3251 404 3292 nec
429 3233 585 3312 gravitate
609 3232 790 3313 argumenti
816 3250 875 3291 nec
901 3233 1059 3292 sermonis
1076 3233 1180 3292 nitore
1197 3232 1362 3310 eluceret,

138 3362 314 3425 numquam
350 3344 492 3424 potuerit
529 3342 648 3403 multos
681 3343 823 3404 invenire
856 3342 994 3404 lectores
1027 3343 1058 3403 in
1092 3362 1229 3424 quorum
1262 3364 1363 3406 usum

138 3454 397 3515 desiderarentur
421 3462 622 3529 contractus,
649 3453 720 3528 lex,
747 3454 949 3528 testimonia,
977 3473 1059 3534 quae
1084 3462 1222 3516 exstant.

184 3563 250 3625 Sed
274 3564 505 3645 disquisitionis
530 3564 629 3624 cardo
654 3565 685 3625 in
710 3563 771 3625 hac
788 3584 822 3624 re
839 3565 989 3638 vertitur,
1009 3565 1221 3626 concinantne
1237 3565 1361 3627 instru-

138 3683 247 3737 menta
278 3674 342 3736 litis
374 3695 448 3736 cum
481 3676 636 3736 oratione.
687 3674 786 3754 Quod
821 3694 894 3734 cum
927 3676 1132 3756 perspexerit
1163 3674 1360 3751 Thalheim,

138 3785 212 3847 loco
245 3805 342 3866 supra
374 3785 504 3847 laudato
539 3787 585 3845 sic
617 3784 714 3846 fidem
740 3784 801 3846 illis
826 3784 1008 3846 habendam
1035 3805 1106 3845 esse
1131 3786 1363 3865 comprobavit

138 3906 174 3960 ut
204 3898 260 3958 vix
292 3895 384 3957 locus
416 3894 623 3957 dubitationis
656 3895 862 3976 relinquatur.
912 3894 1023 3976 Atque
1056 3897 1172 3956 summi
1203 3903 1251 3956 est
1276 3917 1363 3978 pon-

139 4008 242 4083 deris,
268 4007 357 4089 quod
380 4007 516 4068 adversa
539 4005 643 4067 fronte
659 4014 805 4087 pugnant
821 4007 1005 4066 testimonia
1023 4025 1097 4066 cum
1114 4007 1270 4067 oratione.
1299 4007 1362 4070 Illa

139 4120 225 4181 enim
258 4118 380 4180 directa
412 4126 486 4179 sunt
514 4119 545 4179 in
570 4117 830 4199 Apollodorum,
858 4116 918 4178 hac
942 4137 1020 4178 vero
1045 4119 1163 4198 petitur
1189 4118 1359 4196 Lacritus;

139 4250 236 4314 quem
268 4239 376 4292 autem
408 4229 570 4291 falsarium
601 4229 666 4291 tale
690 4229 767 4309 quid
792 4229 961 4289 admisisse
987 4228 1141 4290 credibile
1166 4239 1231 4305 est,
1258 4230 1360 4312 idque

139 4362 231 4418 cum,
258 4350 292 4403 ut
317 4362 414 4423 supra
437 4341 594 4417 vidimus,
620 4340 817 4422 Apollodori
842 4349 950 4421 partes
976 4341 1007 4400 in
1032 4342 1177 4402 oratione
1200 4340 1285 4402 adeo
1302 4341 1361 4403 ab·

139 4452 336 4517 scondantur
368 4461 403 4514 ut
434 4473 453 4515 a
485 4451 678 4535 quibusdam
706 4452 781 4512 viris
807 4449 912 4512 doctis
937 4452 990 4533 qui
1016 4450 1056 4512 de
1082 4451 1231 4514 Lacritea
1254 4452 1361 4534 scrip-
