3008 5296
685 480 773 559 ,56

136 685 281 739 tarentur
314 676 369 755 qui
402 675 443 737 ab
477 676 610 737 urbibus
645 675 767 737 Menda
797 683 828 737 et
853 673 972 739 Sciona
997 697 1063 758 quo
1088 676 1272 759 appulsura
1297 687 1367 739 erat

137 788 227 848 navis
253 785 340 869 (vide
365 790 380 865 ξ
410 786 481 867 10),
508 795 616 848 essent
632 787 858 861 conscensuri,
877 787 1056 868 datumque
1073 808 1145 849 esse
1162 808 1182 849 a
1198 788 1367 849 creditore

135 899 190 978 qui
224 897 432 958 comitaretur
456 917 572 958 navem
596 904 694 976 atque
719 897 892 977 pecuniam
918 898 1065 978 exigeret
1089 897 1194 979 (quod
1221 897 1293 958 fieri
1319 900 1366 959 vi-

135 1007 242 1068 dimus
268 1007 299 1066 in
324 1013 474 1076 δανείσματι
494 1012 651 1081 ἑτερόπλῳ).
677 1005 717 1067 ad
742 1012 847 1072 αὐτός
875 1007 913 1068 cf.
940 1006 1080 1069 Klihner
1105 1007 1137 1068 ῙῙ
1163 1029 1196 1089 p.
1228 1007 1345 1086 560,1.

184 1135 236 1197 23.
286 1118 338 1174 ἐπὶ
364 1124 409 1191 τῷ
436 1119 547 1190 πλοίῳ.
598 1114 651 1186 Sic
689 1115 762 1195 56,3
798 1118 830 1177 in
855 1137 970 1179 navem
1000 1118 1211 1180 contrahitur.
1267 1118 1366 1180 Errat

133 1249 211 1290 vero
248 1225 483 1289 Hudtwalcker
516 1222 639 1308 (Ueber
673 1227 725 1287 die
752 1227 904 1289 Didteten
934 1227 1034 1313 1812)
1059 1250 1091 1310 p.
1123 1246 1187 1306 140
1212 1249 1290 1291 ann.
1321 1231 1362 1309 83

134 1350 255 1418 semper
287 1337 398 1398 dicens
431 1335 485 1397 ubi
519 1336 560 1397 de
592 1337 723 1399 foenore
757 1340 887 1400 nautico
919 1347 1034 1420 agatur
1058 1341 1090 1400 in
1116 1360 1198 1402 nave
1224 1361 1366 1421 quoque

135 1449 287 1511 collocari
311 1448 493 1529 pecuniam.
544 1445 657 1509 Oratio
682 1457 792 1510 nostra
816 1457 985 1530 repugnat.
1036 1449 1149 1510 Hodie
1171 1470 1253 1511 vero
1272 1452 1366 1512 navis

135 1580 264 1641 semper
289 1579 364 1620 cum
389 1557 551 1619 mercibus
577 1557 750 1639 obligatur.

183 1670 261 1751 Quo
286 1671 354 1730 iure
380 1668 421 1730 de
445 1668 541 1729 Vries
566 1666 622 1753 (de
644 1669 728 1731 soen.
755 1678 841 1731 naut.
868 1672 985 1750 contr.)
1009 1691 1041 1752 p.
1070 1689 1113 1751 39
1136 1671 1247 1733 dicere
1267 1673 1365 1733 susti-

135 1790 226 1858 neat,
253 1782 285 1842 in
309 1781 455 1842 oratione
480 1779 559 1840 LVI
585 1800 661 1841 cum
686 1801 766 1842 nave
791 1801 916 1842 merces
942 1801 1075 1862 quoque
1100 1801 1172 1843 esse
1199 1783 1366 1863 oppigne-

136 1902 238 1965 rata5‚
274 1893 428 1972 quoniam
459 1891 534 1953 ibid.
562 1895 577 1969 §
605 1893 646 1970 38
673 1891 816 1972 legatur:
843 1897 877 1949 τὰ
896 1895 1070 1967 ὑποκείμενα,
1097 1912 1162 1953 non
1187 1912 1364 1973 assequor.

136 2004 174 2065 In
198 2011 267 2065 tota
292 2003 437 2063 oratione
462 2003 548 2063 enim
573 2002 615 2063 de
638 2023 720 2064 nave
746 2001 817 2064 sola
841 2002 875 2064 fit
900 2004 1031 2065 mentio.
1059 2003 1096 2065 cl.
1123 2003 1191 2065 ibid
1216 2007 1232 2081 ξ
1264 2018 1300 2082 5,
1330 2004 1362 2066 6.

185 2131 237 2192 24.
288 2116 436 2178 Κιτιεύς.
469 2113 659 2195 Trapezitae
684 2114 880 2195 plerumque
904 2113 1051 2196 inquilini
1068 2123 1159 2176 erant
1174 2113 1269 2176 velut
1286 2124 1365 2177 sunt

137 2224 358 2306 34,6;36‚3o.
377 2224 415 2286 cf.
435 2222 656 2286 Buchsensch.
682 2245 713 2306 p.
744 2237 818 2303 511.
853 2221 1002 2286 Citiensis
1028 2225 1199 2287 cuiusdam
1216 2225 1364 2287 Athenis

136 2338 255 2398 mortui
280 2336 446 2417 inscriptio
472 2334 661 2416 sepulcralis
686 2335 805 2416 legitur
830 2333 866 2397 C.
882 2336 907 2397 I.
923 2334 963 2397 G.
990 2336 1023 2411 1,
1051 2337 1128 2415 859.

185 2464 202 2509 2
209 2462 237 2526 5.
287 2451 514 2522 ἐξεστηκότος
536 2447 634 2505 οἴνου.
672 2446 861 2508 Nemodum
879 2446 969 2529 quod
986 2448 1086 2508 sciam
1099 2447 1239 2509 contulit
1253 2447 1362 2510 Bekk.

136 2556 264 2620 Anecd.
279 2558 293 2619 I
313 2558 375 2619 188
390 2558 444 2619 ubi
458 2579 483 2619 S.
497 2578 527 2620 v.
542 2556 742 2638 explicatur:
761 2564 954 2634 διεφθαρμένος
976 2559 1042 2622 οἶνος
1065 2569 1109 2634 τῆς
1132 2562 1198 2623 ι’διας
1220 2564 1362 2635 ἐνεργείας

136 2671 263 2751 (notum
288 2678 337 2730 est
361 2673 515 2732 ἐξίστασθαι
531 2668 667 2744 mutari,
687 2677 722 2730 ut
739 2668 878 2730 Pericles
894 2669 983 2751 apud
1000 2668 1151 2750 Thucyd.
1172 2669 1246 2745 2‚61
1269 2677 1326 2745 ἐγὼ
1348 2678 1363 2728 ὁ

137 2784 218 2845 αὐτός
246 2782 299 2850 εἶμι
324 2780 364 2836 καὶ
390 2783 436 2836 οὐκ
456 2782 616 2852 ἐξίσταμαι).
667 2778 758 2841 Idem
792 2788 841 2841 est
872 2785 983 2854 τρααίας
1005 2781 1090 2857 οἶνος,
1124 2779 1213 2862 quod
1240 2779 1364 2841 Pollux

137 2892 381 2972 interpretatur:
421 2897 436 2947 ὁ
465 2895 647 2964 τετραμμένος
677 2892 719 2947 καὶ
747 2895 914 2966 ἐξεστηκὼς,
953 2890 1087 2953 obvium
1123 2893 1154 2952 in
1189 2896 1363 2948 Δαιταλεῦσιν

136 2999 386 3083 Aristophanis,
403 3000 438 3062 fr.
465 2999 535 3075 Vl,
562 2999 682 3063 Mein:
708 3004 780 3078 ταχύ
801 3026 842 3058 νυν
863 3006 942 3059 ποτὸν
966 3002 1025 3082 (sic
1052 3002 1152 3063 Mein.
1179 3022 1239 3083 pro
1265 3001 1364 3083 πέτου)

137 3113 178 3168 καὶ
197 3118 234 3188 μὴ
254 3117 364 3185 τροπίαν
383 3112 448 3168 οἶνον
468 3117 546 3186 φέρε.

186 3223 239 3284 28.
289 3222 342 3282 De
378 3221 533 3283 infinitivo
570 3227 727 3298 χρῆσθαι
763 3220 870 3301 Krtig.
908 3234 1053 3301 55,3,20.
1105 3221 1215 3283 Locus
1249 3225 1363 3304 magni

138 3342 187 3394 est
218 3333 374 3394 momenti
399 3332 440 3394 ad
465 3331 754 3394 demonstrandum
779 3351 878 3414 quam
902 3331 1046 3413 vulgaris
1071 3331 1165 3393 suerit
1188 3333 1254 3393 vini
1280 3354 1363 3395 usus

139 3442 380 3528 (Becker-Gdll.
408 3441 577 3505 Charikles
604 3443 636 3504 Il
662 3464 694 3525 p.
723 3441 812 3528 338).
