<?xml version="1.0" encoding="UTF-8"?>
<!DOCTYPE html PUBLIC "-//W3C//DTD XHTML 1.0 Transitional//EN"
    "http://www.w3.org/TR/xhtml1/DTD/xhtml1-transitional.dtd">
<html xmlns="http://www.w3.org/1999/xhtml" xml:lang="en" lang="en">
 <head>
  <title>
</title>
<meta http-equiv="Content-Type" content="text/html;charset=utf-8" />
  <meta name='ocr-system' content='tesseract 3.04.00' />
  <meta name='ocr-capabilities' content='ocr_page ocr_carea ocr_par ocr_line ocrx_word'/>
</head>
<body>
  <div class='ocr_page' id='page_1' title='image "./annotationesadd00hanngoog_0065.png"; bbox 0 0 3008 5296; ppageno 0'>
   <div class='ocr_carea' id='block_1_1' title="bbox 734 506 775 568">
    <p class='ocr_par' dir='ltr' id='par_1_1' title="bbox 734 506 775 568">
     <span class='ocr_line' id='line_1_1' title="bbox 734 506 775 568; baseline 0 -18"><span class='ocrx_word' id='word_1_1' title='bbox 734 506 775 568; x_wconf 77' lang='lat'>32</span> 
     </span>
    </p>
   </div>
   <div class='ocr_carea' id='block_1_2' title="bbox 138 679 1380 1091">
    <p class='ocr_par' dir='ltr' id='par_1_2' title="bbox 139 679 1378 877">
     <span class='ocr_line' id='line_1_2' title="bbox 187 679 1377 747; baseline 0.007 -8"><span class='ocrx_word' id='word_1_2' title='bbox 187 695 239 740; x_wconf 90' lang='lat'>22.</span> <span class='ocrx_word' id='word_1_3' title='bbox 291 682 424 744; x_wconf 68' lang='grc' dir='ltr'><em>Βοιώτιος.</em></span> <span class='ocrx_word' id='word_1_4' title='bbox 476 679 528 741; x_wconf 89' lang='lat' dir='ltr'>De</span> <span class='ocrx_word' id='word_1_5' title='bbox 561 679 659 740; x_wconf 93' lang='lat' dir='ltr'>demo</span> <span class='ocrx_word' id='word_1_6' title='bbox 693 680 831 740; x_wconf 88' lang='lat' dir='ltr'>Boeotio</span> <span class='ocrx_word' id='word_1_7' title='bbox 863 689 976 742; x_wconf 88' lang='lat' dir='ltr'>contra</span> <span class='ocrx_word' id='word_1_8' title='bbox 1009 679 1137 745; x_wconf 88' lang='lat' dir='ltr'>Corsini</span> <span class='ocrx_word' id='word_1_9' title='bbox 1167 684 1209 746; x_wconf 91' lang='lat' dir='ltr'>F.</span> <span class='ocrx_word' id='word_1_10' title='bbox 1239 684 1317 747; x_wconf 88' lang='lat' dir='ltr'>Att.</span> <span class='ocrx_word' id='word_1_11' title='bbox 1345 694 1377 746; x_wconf 90' lang='lat' dir='ltr'>et</span> 
     </span>
     <span class='ocr_line' id='line_1_3' title="bbox 139 785 1378 877; baseline 0.008 -29"><span class='ocrx_word' id='word_1_12' title='bbox 139 789 226 849; x_wconf 93' lang='lat' dir='ltr'>Ross</span> <span class='ocrx_word' id='word_1_13' title='bbox 260 785 339 869; x_wconf 91' lang='lat' dir='ltr'>(Die</span> <span class='ocrx_word' id='word_1_14' title='bbox 365 789 494 851; x_wconf 88' lang='lat' dir='ltr'>Demen</span> <span class='ocrx_word' id='word_1_15' title='bbox 519 787 674 873; x_wconf 87' lang='lat' dir='ltr'>Attica&#39;s)</span> <span class='ocrx_word' id='word_1_16' title='bbox 699 789 796 850; x_wconf 90' lang='lat' dir='ltr'>docte</span> <span class='ocrx_word' id='word_1_17' title='bbox 822 789 967 871; x_wconf 90' lang='lat' dir='ltr'>disputat</span> <span class='ocrx_word' id='word_1_18' title='bbox 991 792 1228 856; x_wconf 88' lang='lat' dir='ltr'>Westermann</span> <span class='ocrx_word' id='word_1_19' title='bbox 1256 816 1291 877; x_wconf 90' lang='lat' dir='ltr'>p.</span> <span class='ocrx_word' id='word_1_20' title='bbox 1323 797 1378 874; x_wconf 90' lang='lat'>84.</span> 
     </span>
    </p>

    <p class='ocr_par' dir='ltr' id='par_1_3' title="bbox 138 898 1380 1091">
     <span class='ocr_line' id='line_1_4' title="bbox 187 898 1380 980; baseline 0.012 -27"><span class='ocrx_word' id='word_1_21' title='bbox 187 916 240 979; x_wconf 81' lang='lat'>23,</span> <span class='ocrx_word' id='word_1_22' title='bbox 291 899 500 973; x_wconf 75' lang='grc' dir='ltr'><em>Ἡλιόδωρος</em></span> <span class='ocrx_word' id='word_1_23' title='bbox 525 901 653 964; x_wconf 65' lang='grc' dir='ltr'><strong><em>Πιθεὺς</em></strong></span> <span class='ocrx_word' id='word_1_24' title='bbox 680 898 814 980; x_wconf 89' lang='lat' dir='ltr'>quidam</span> <span class='ocrx_word' id='word_1_25' title='bbox 839 920 858 961; x_wconf 91' lang='lat' dir='ltr'>a</span> <span class='ocrx_word' id='word_1_26' title='bbox 883 900 1069 964; x_wconf 89' lang='lat' dir='ltr'>Kirchnero</span> <span class='ocrx_word' id='word_1_27' title='bbox 1093 902 1231 966; x_wconf 87' lang='lat' dir='ltr'>affertur</span> <span class='ocrx_word' id='word_1_28' title='bbox 1259 926 1305 966; x_wconf 88' lang='lat' dir='ltr'>ex</span> <span class='ocrx_word' id='word_1_29' title='bbox 1334 907 1380 967; x_wconf 91' lang='lat' dir='ltr'>in-</span> 
     </span>
     <span class='ocr_line' id='line_1_5' title="bbox 138 1008 713 1091; baseline 0 -20"><span class='ocrx_word' id='word_1_30' title='bbox 138 1011 314 1091; x_wconf 88' lang='lat' dir='ltr'>scriptione</span> <span class='ocrx_word' id='word_1_31' title='bbox 338 1008 452 1070; x_wconf 91' lang='lat' dir='ltr'>aetatis</span> <span class='ocrx_word' id='word_1_32' title='bbox 478 1008 713 1088; x_wconf 86' lang='lat' dir='ltr'>imperatoriae.</span> 
     </span>
    </p>
   </div>
   <div class='ocr_carea' id='block_1_3' title="bbox 139 1119 1381 1425">
    <p class='ocr_par' dir='ltr' id='par_1_4' title="bbox 139 1119 1381 1425">
     <span class='ocr_line' id='line_1_6' title="bbox 187 1119 1380 1208; baseline 0.006 -27"><span class='ocrx_word' id='word_1_33' title='bbox 187 1120 353 1181; x_wconf 87' lang='lat' dir='ltr'>Numerus</span> <span class='ocrx_word' id='word_1_34' title='bbox 385 1119 518 1179; x_wconf 86' lang='lat' dir='ltr'>testium</span> <span class='ocrx_word' id='word_1_35' title='bbox 550 1121 637 1200; x_wconf 89' lang='lat' dir='ltr'>apud</span> <span class='ocrx_word' id='word_1_36' title='bbox 673 1119 817 1181; x_wconf 89' lang='lat' dir='ltr'>Graecos</span> <span class='ocrx_word' id='word_1_37' title='bbox 846 1141 975 1202; x_wconf 89' lang='lat' dir='ltr'>semper</span> <span class='ocrx_word' id='word_1_38' title='bbox 998 1122 1094 1185; x_wconf 90' lang='lat' dir='ltr'>valde</span> <span class='ocrx_word' id='word_1_39' title='bbox 1117 1127 1279 1201; x_wconf 87' lang='lat' dir='ltr'>variavit;</span> <span class='ocrx_word' id='word_1_40' title='bbox 1308 1126 1380 1208; x_wconf 89' lang='lat' dir='ltr'>ple-</span> 
     </span>
     <span class='ocr_line' id='line_1_7' title="bbox 139 1227 1381 1314; baseline 0.005 -22"><span class='ocrx_word' id='word_1_41' title='bbox 139 1251 278 1311; x_wconf 89' lang='lat' dir='ltr'>rumque</span> <span class='ocrx_word' id='word_1_42' title='bbox 303 1239 412 1291; x_wconf 89' lang='lat' dir='ltr'>tamen</span> <span class='ocrx_word' id='word_1_43' title='bbox 437 1230 541 1309; x_wconf 85' lang='lat' dir='ltr'>impar</span> <span class='ocrx_word' id='word_1_44' title='bbox 566 1240 633 1291; x_wconf 89' lang='lat' dir='ltr'>erat</span> <span class='ocrx_word' id='word_1_45' title='bbox 658 1227 787 1314; x_wconf 87' lang='lat' dir='ltr'>(Gneist</span> <span class='ocrx_word' id='word_1_46' title='bbox 812 1231 904 1314; x_wconf 85' lang='lat'>443).</span> <span class='ocrx_word' id='word_1_47' title='bbox 956 1232 1021 1293; x_wconf 90' lang='lat' dir='ltr'>Hic</span> <span class='ocrx_word' id='word_1_48' title='bbox 1042 1235 1148 1296; x_wconf 89' lang='lat' dir='ltr'>eidem</span> <span class='ocrx_word' id='word_1_49' title='bbox 1173 1245 1246 1296; x_wconf 89' lang='lat' dir='ltr'>tres</span> <span class='ocrx_word' id='word_1_50' title='bbox 1274 1245 1381 1298; x_wconf 83' lang='lat' dir='ltr'>testes</span> 
     </span>
     <span class='ocr_line' id='line_1_8' title="bbox 139 1338 1380 1425; baseline 0.006 -23"><span class='ocrx_word' id='word_1_51' title='bbox 139 1343 195 1423; x_wconf 90' lang='lat' dir='ltr'>qui</span> <span class='ocrx_word' id='word_1_52' title='bbox 221 1341 400 1402; x_wconf 90' lang='lat' dir='ltr'>contractui</span> <span class='ocrx_word' id='word_1_53' title='bbox 426 1338 526 1400; x_wconf 91' lang='lat' dir='ltr'>additi</span> <span class='ocrx_word' id='word_1_54' title='bbox 552 1349 644 1415; x_wconf 86' lang='lat' dir='ltr'>sunt,</span> <span class='ocrx_word' id='word_1_55' title='bbox 671 1342 953 1403; x_wconf 85' lang='lat' dir='ltr'>etiamtestantur</span> <span class='ocrx_word' id='word_1_56' title='bbox 970 1342 1225 1425; x_wconf 88' lang='lat' dir='ltr'>depositionem.</span> <span class='ocrx_word' id='word_1_57' title='bbox 1274 1345 1326 1409; x_wconf 85' lang='lat' dir='ltr'>cf.</span> <span class='ocrx_word' id='word_1_58' title='bbox 1348 1350 1380 1410; x_wconf 91' lang='lat' dir='ltr'>in</span> 
     </span>
    </p>
   </div>
   <div class='ocr_carea' id='block_1_4' title="bbox 138 1451 1381 3075">
    <p class='ocr_par' dir='ltr' id='par_1_5' title="bbox 138 1451 1381 1747">
     <span class='ocr_line' id='line_1_9' title="bbox 139 1451 1378 1528; baseline 0.006 -24"><span class='ocrx_word' id='word_1_59' title='bbox 139 1454 234 1513; x_wconf 75' lang='lat' dir='ltr'>inser,</span> <span class='ocrx_word' id='word_1_60' title='bbox 260 1452 334 1513; x_wconf 75' lang='lat' dir='ltr'>Wa,</span> <span class='ocrx_word' id='word_1_61' title='bbox 362 1451 394 1524; x_wconf 74' lang='lat' dir='ltr'>I,</span> <span class='ocrx_word' id='word_1_62' title='bbox 425 1464 483 1528; x_wconf 82' lang='lat'>51:</span> <span class='ocrx_word' id='word_1_63' title='bbox 511 1453 578 1504; x_wconf 74' lang='lat' dir='ltr'>rard</span> <span class='ocrx_word' id='word_1_64' title='bbox 599 1456 643 1524; x_wconf 73' lang='grc' dir='ltr'>τὴν</span> <span class='ocrx_word' id='word_1_65' title='bbox 664 1457 821 1525; x_wconf 65' lang='grc' dir='ltr'><em>συγγραφὴν</em></span> <span class='ocrx_word' id='word_1_66' title='bbox 841 1456 886 1525; x_wconf 81' lang='grc' dir='ltr'>τὴν</span> <span class='ocrx_word' id='word_1_67' title='bbox 905 1458 1029 1526; x_wconf 69' lang='grc' dir='ltr'><em>κειμένου</em></span> <span class='ocrx_word' id='word_1_68' title='bbox 1049 1455 1112 1527; x_wconf 72' lang='grc' dir='ltr'>παρ’</span> <span class='ocrx_word' id='word_1_69' title='bbox 1133 1456 1279 1526; x_wconf 75' lang='grc' dir='ltr'><em>Εὐρυκλεῖ</em></span> <span class='ocrx_word' id='word_1_70' title='bbox 1293 1493 1321 1500; x_wconf 92' lang='grc'>-</span> <span class='ocrx_word' id='word_1_71' title='bbox 1344 1494 1378 1502; x_wconf 98' lang='grc'>-</span> 
     </span>
     <span class='ocr_line' id='line_1_10' title="bbox 140 1555 1381 1640; baseline 0.001 -22"><span class='ocrx_word' id='word_1_72' title='bbox 140 1564 287 1634; x_wconf 76' lang='grc' dir='ltr'><em>Μάρτυρες</em></span> <span class='ocrx_word' id='word_1_73' title='bbox 311 1563 448 1633; x_wconf 72' lang='grc' dir='ltr'>Εὐρυκλῆς</span> <span class='ocrx_word' id='word_1_74' title='bbox 476 1568 542 1633; x_wconf 77' lang='lat' dir='ltr'>cet,</span> <span class='ocrx_word' id='word_1_75' title='bbox 569 1567 601 1619; x_wconf 77' lang='lat' dir='ltr'>et</span> <span class='ocrx_word' id='word_1_76' title='bbox 627 1555 683 1620; x_wconf 80' lang='lat' dir='ltr'>Ca.</span> <span class='ocrx_word' id='word_1_77' title='bbox 708 1575 769 1636; x_wconf 84' lang='lat'>142</span> <span class='ocrx_word' id='word_1_78' title='bbox 788 1580 864 1640; x_wconf 82' lang='lat' dir='ltr'>seq:</span> <span class='ocrx_word' id='word_1_79' title='bbox 890 1562 1107 1634; x_wconf 69' lang='grc' dir='ltr'><em>συύγγραᾳυν-</em></span> <span class='ocrx_word' id='word_1_80' title='bbox 1125 1597 1156 1605; x_wconf 99' lang='grc'>-</span> <span class='ocrx_word' id='word_1_81' title='bbox 1171 1567 1266 1636; x_wconf 62' lang='grc' dir='ltr'><em>θέσάη</em></span> <span class='ocrx_word' id='word_1_82' title='bbox 1280 1570 1381 1638; x_wconf 54' lang='lat' dir='ltr'>[rectif-</span> 
     </span>
     <span class='ocr_line' id='line_1_11' title="bbox 138 1667 1380 1747; baseline 0.005 -19"><span class='ocrx_word' id='word_1_83' title='bbox 138 1696 200 1747; x_wconf 61' lang='grc' dir='ltr'><em>γυον</em></span> <span class='ocrx_word' id='word_1_84' title='bbox 215 1675 270 1745; x_wconf 73' lang='grc' dir='ltr'>πὰρ</span> <span class='ocrx_word' id='word_1_85' title='bbox 284 1677 414 1743; x_wconf 61' lang='lat' dir='ltr'>scortea-2</span> <span class='ocrx_word' id='word_1_86' title='bbox 435 1690 510 1732; x_wconf 91' lang='lat' dir='ltr'>cum</span> <span class='ocrx_word' id='word_1_87' title='bbox 527 1692 558 1732; x_wconf 91' lang='lat' dir='ltr'>v.</span> <span class='ocrx_word' id='word_1_88' title='bbox 583 1667 641 1747; x_wconf 87' lang='lat'>165</span> <span class='ocrx_word' id='word_1_89' title='bbox 663 1670 891 1742; x_wconf 61' lang='lat' dir='ltr'>interrumpet</span> <span class='ocrx_word' id='word_1_90' title='bbox 912 1668 998 1730; x_wconf 90' lang='lat' dir='ltr'>idem</span> <span class='ocrx_word' id='word_1_91' title='bbox 1016 1672 1145 1742; x_wconf 56' lang='lat' dir='ltr'>terrebitur</span> <span class='ocrx_word' id='word_1_92' title='bbox 1165 1681 1380 1735; x_wconf 88' lang='lat' dir='ltr'>numeretur.</span> 
     </span>
    </p>

    <p class='ocr_par' dir='ltr' id='par_1_6' title="bbox 140 1777 1381 2626">
     <span class='ocr_line' id='line_1_12' title="bbox 189 1777 1379 1863; baseline 0.008 -28"><span class='ocrx_word' id='word_1_93' title='bbox 189 1798 241 1858; x_wconf 80' lang='lat'>24.</span> <span class='ocrx_word' id='word_1_94' title='bbox 285 1788 447 1854; x_wconf 78' lang='grc' dir='ltr'><em>παρεῖναι</em></span> <span class='ocrx_word' id='word_1_95' title='bbox 468 1783 509 1836; x_wconf 78' lang='grc' dir='ltr'>ὅτ’</span> <span class='ocrx_word' id='word_1_96' title='bbox 529 1785 710 1836; x_wconf 78' lang='grc' dir='ltr'><em>ἐδάνεισεν</em></span> <span class='ocrx_word' id='word_1_97' title='bbox 729 1781 933 1853; x_wconf 75' lang='grc' dir='ltr'><em>Ἀνδροκλῆς.</em></span> <span class='ocrx_word' id='word_1_98' title='bbox 972 1777 1065 1840; x_wconf 81' lang='lat' dir='ltr'>Idem</span> <span class='ocrx_word' id='word_1_99' title='bbox 1083 1778 1262 1842; x_wconf 73' lang='lat' dir='ltr'>infinitivus</span> <span class='ocrx_word' id='word_1_100' title='bbox 1281 1803 1379 1863; x_wconf 80' lang='lat' dir='ltr'>prae·</span> 
     </span>
     <span class='ocr_line' id='line_1_13' title="bbox 140 1888 1381 1972; baseline 0.001 -19"><span class='ocrx_word' id='word_1_101' title='bbox 140 1893 240 1953; x_wconf 90' lang='lat' dir='ltr'>sentis</span> <span class='ocrx_word' id='word_1_102' title='bbox 273 1888 337 1967; x_wconf 83' lang='lat' dir='ltr'>(vel</span> <span class='ocrx_word' id='word_1_103' title='bbox 370 1891 480 1971; x_wconf 90' lang='lat' dir='ltr'>potius</span> <span class='ocrx_word' id='word_1_104' title='bbox 510 1888 701 1972; x_wconf 81' lang='lat' dir='ltr'>imperfecti)</span> <span class='ocrx_word' id='word_1_105' title='bbox 734 1891 789 1970; x_wconf 93' lang='lat' dir='ltr'>qui</span> <span class='ocrx_word' id='word_1_106' title='bbox 817 1905 937 1969; x_wconf 88' lang='lat'>29‚31;</span> <span class='ocrx_word' id='word_1_107' title='bbox 975 1903 1093 1969; x_wconf 84' lang='lat'>54,31·</span> <span class='ocrx_word' id='word_1_108' title='bbox 1120 1890 1158 1953; x_wconf 84' lang='lat' dir='ltr'>cf.</span> <span class='ocrx_word' id='word_1_109' title='bbox 1186 1889 1381 1954; x_wconf 89' lang='lat' dir='ltr'>Schneider</span> 
     </span>
     <span class='ocr_line' id='line_1_14' title="bbox 140 1997 1380 2080; baseline 0 -18"><span class='ocrx_word' id='word_1_110' title='bbox 140 2002 181 2063; x_wconf 93' lang='lat' dir='ltr'>ad</span> <span class='ocrx_word' id='word_1_111' title='bbox 208 2001 308 2062; x_wconf 84' lang='lat' dir='ltr'>Isocr.</span> <span class='ocrx_word' id='word_1_112' title='bbox 339 1998 425 2078; x_wconf 81' lang='lat'>5‚61.</span> <span class='ocrx_word' id='word_1_113' title='bbox 467 1999 616 2060; x_wconf 85' lang='lat' dir='ltr'>Verbum</span> <span class='ocrx_word' id='word_1_114' title='bbox 641 2003 757 2056; x_wconf 72' lang='grc' dir='ltr'>ἐδάνεισε</span> <span class='ocrx_word' id='word_1_115' title='bbox 782 1997 835 2059; x_wconf 89' lang='lat' dir='ltr'>hic</span> <span class='ocrx_word' id='word_1_116' title='bbox 860 2001 969 2079; x_wconf 89' lang='lat' dir='ltr'>potius</span> <span class='ocrx_word' id='word_1_117' title='bbox 994 2000 1178 2080; x_wconf 88' lang='lat' dir='ltr'>acceperim</span> <span class='ocrx_word' id='word_1_118' title='bbox 1196 2000 1239 2060; x_wconf 93' lang='lat' dir='ltr'>de</span> <span class='ocrx_word' id='word_1_119' title='bbox 1258 2021 1380 2063; x_wconf 90' lang='lat' dir='ltr'>nume-</span> 
     </span>
     <span class='ocr_line' id='line_1_15' title="bbox 141 2109 1379 2192; baseline 0 -19"><span class='ocrx_word' id='word_1_120' title='bbox 141 2112 241 2173; x_wconf 89' lang='lat' dir='ltr'>randa</span> <span class='ocrx_word' id='word_1_121' title='bbox 273 2112 412 2192; x_wconf 91' lang='lat' dir='ltr'>pecunia</span> <span class='ocrx_word' id='word_1_122' title='bbox 437 2109 537 2190; x_wconf 94' lang='lat' dir='ltr'>paulo</span> <span class='ocrx_word' id='word_1_123' title='bbox 561 2117 637 2190; x_wconf 91' lang='lat' dir='ltr'>post</span> <span class='ocrx_word' id='word_1_124' title='bbox 662 2117 865 2170; x_wconf 87' lang='lat' dir='ltr'>contractum</span> <span class='ocrx_word' id='word_1_125' title='bbox 891 2109 1024 2183; x_wconf 90' lang='lat' dir='ltr'>initum;</span> <span class='ocrx_word' id='word_1_126' title='bbox 1051 2110 1097 2171; x_wconf 89' lang='lat' dir='ltr'>sic</span> <span class='ocrx_word' id='word_1_127' title='bbox 1122 2110 1379 2173; x_wconf 87' lang='lat' dir='ltr'>observationes</span> 
     </span>
     <span class='ocr_line' id='line_1_16' title="bbox 141 2218 1379 2302; baseline 0.001 -20"><span class='ocrx_word' id='word_1_128' title='bbox 141 2221 303 2302; x_wconf 88' lang='lat' dir='ltr'>quaedam</span> <span class='ocrx_word' id='word_1_129' title='bbox 329 2220 569 2281; x_wconf 88' lang='lat' dir='ltr'>Westermanni</span> <span class='ocrx_word' id='word_1_130' title='bbox 595 2218 780 2280; x_wconf 89' lang='lat' dir='ltr'>diluuntur:</span> <span class='ocrx_word' id='word_1_131' title='bbox 807 2220 851 2280; x_wconf 89' lang='lat' dir='ltr'>ait</span> <span class='ocrx_word' id='word_1_132' title='bbox 876 2220 961 2280; x_wconf 92' lang='lat' dir='ltr'>enim</span> <span class='ocrx_word' id='word_1_133' title='bbox 986 2239 1018 2300; x_wconf 94' lang='lat' dir='ltr'>p.</span> <span class='ocrx_word' id='word_1_134' title='bbox 1043 2220 1084 2298; x_wconf 85' lang='lat'>83</span> <span class='ocrx_word' id='word_1_135' title='bbox 1105 2218 1379 2299; x_wconf 90' lang='lat' dir='ltr'>Thrasymedem</span> 
     </span>
     <span class='ocr_line' id='line_1_17' title="bbox 141 2326 1378 2413; baseline 0 -20"><span class='ocrx_word' id='word_1_136' title='bbox 141 2342 173 2393; x_wconf 89' lang='lat' dir='ltr'>et</span> <span class='ocrx_word' id='word_1_137' title='bbox 200 2331 414 2412; x_wconf 89' lang='lat' dir='ltr'>Melanopum</span> <span class='ocrx_word' id='word_1_138' title='bbox 440 2326 469 2412; x_wconf 66' lang='grc' dir='ltr'>(ξ</span> <span class='ocrx_word' id='word_1_139' title='bbox 488 2328 522 2413; x_wconf 83' lang='grc'>6)</span> <span class='ocrx_word' id='word_1_140' title='bbox 547 2330 657 2390; x_wconf 88' lang='lat' dir='ltr'>testari</span> <span class='ocrx_word' id='word_1_141' title='bbox 683 2327 835 2389; x_wconf 89' lang='lat' dir='ltr'>debuisse</span> <span class='ocrx_word' id='word_1_142' title='bbox 861 2327 1014 2411; x_wconf 92' lang='lat' dir='ltr'>(quorum</span> <span class='ocrx_word' id='word_1_143' title='bbox 1032 2329 1178 2390; x_wconf 89' lang='lat' dir='ltr'>absentia</span> <span class='ocrx_word' id='word_1_144' title='bbox 1199 2331 1247 2390; x_wconf 93' lang='lat' dir='ltr'>sic</span> <span class='ocrx_word' id='word_1_145' title='bbox 1267 2332 1378 2413; x_wconf 89' lang='lat' dir='ltr'>expli-</span> 
     </span>
     <span class='ocr_line' id='line_1_18' title="bbox 142 2436 1379 2526; baseline 0.002 -24"><span class='ocrx_word' id='word_1_146' title='bbox 142 2440 246 2526; x_wconf 90' lang='lat' dir='ltr'>catur)</span> <span class='ocrx_word' id='word_1_147' title='bbox 263 2461 449 2522; x_wconf 91' lang='lat' dir='ltr'>nomenque</span> <span class='ocrx_word' id='word_1_148' title='bbox 468 2440 669 2500; x_wconf 89' lang='lat' dir='ltr'>Nausicratis</span> <span class='ocrx_word' id='word_1_149' title='bbox 687 2436 826 2518; x_wconf 88' lang='lat' dir='ltr'>Carystii</span> <span class='ocrx_word' id='word_1_150' title='bbox 841 2438 1027 2500; x_wconf 89' lang='lat' dir='ltr'>desiderari.</span> <span class='ocrx_word' id='word_1_151' title='bbox 1046 2437 1245 2521; x_wconf 86' lang='lat' dir='ltr'>Syngrapha</span> <span class='ocrx_word' id='word_1_152' title='bbox 1259 2451 1379 2504; x_wconf 90' lang='lat' dir='ltr'>autem</span> 
     </span>
     <span class='ocr_line' id='line_1_19' title="bbox 142 2549 1195 2626; baseline -0.001 -13"><span class='ocrx_word' id='word_1_153' title='bbox 142 2552 243 2613; x_wconf 91' lang='lat' dir='ltr'>semel</span> <span class='ocrx_word' id='word_1_154' title='bbox 269 2551 417 2626; x_wconf 89' lang='lat' dir='ltr'>condita,</span> <span class='ocrx_word' id='word_1_155' title='bbox 444 2549 522 2611; x_wconf 91' lang='lat' dir='ltr'>nihil</span> <span class='ocrx_word' id='word_1_156' title='bbox 549 2550 700 2611; x_wconf 89' lang='lat' dir='ltr'>intererat</span> <span class='ocrx_word' id='word_1_157' title='bbox 725 2558 796 2611; x_wconf 88' lang='lat' dir='ltr'>uter</span> <span class='ocrx_word' id='word_1_158' title='bbox 821 2568 974 2610; x_wconf 91' lang='lat' dir='ltr'>nummos</span> <span class='ocrx_word' id='word_1_159' title='bbox 1000 2560 1195 2612; x_wconf 89' lang='lat' dir='ltr'>numeraret.</span> 
     </span>
    </p>

    <p class='ocr_par' dir='ltr' id='par_1_7' title="bbox 147 2660 1378 2854">
     <span class='ocr_line' id='line_1_20' title="bbox 191 2660 1378 2743; baseline 0.004 -21"><span class='ocrx_word' id='word_1_160' title='bbox 191 2663 240 2723; x_wconf 93' lang='lat' dir='ltr'>lta</span> <span class='ocrx_word' id='word_1_161' title='bbox 264 2662 296 2723; x_wconf 90' lang='lat' dir='ltr'>id</span> <span class='ocrx_word' id='word_1_162' title='bbox 321 2681 454 2743; x_wconf 91' lang='lat' dir='ltr'>quoque</span> <span class='ocrx_word' id='word_1_163' title='bbox 479 2660 568 2742; x_wconf 92' lang='lat' dir='ltr'>quod</span> <span class='ocrx_word' id='word_1_164' title='bbox 594 2680 668 2741; x_wconf 85' lang='lat' dir='ltr'>pag.</span> <span class='ocrx_word' id='word_1_165' title='bbox 697 2662 738 2721; x_wconf 89' lang='lat'>82</span> <span class='ocrx_word' id='word_1_166' title='bbox 766 2660 853 2721; x_wconf 90' lang='lat' dir='ltr'>idem</span> <span class='ocrx_word' id='word_1_167' title='bbox 876 2660 970 2734; x_wconf 91' lang='lat' dir='ltr'>dicit,</span> <span class='ocrx_word' id='word_1_168' title='bbox 989 2662 1121 2722; x_wconf 91' lang='lat' dir='ltr'>nomina</span> <span class='ocrx_word' id='word_1_169' title='bbox 1136 2663 1274 2723; x_wconf 89' lang='lat' dir='ltr'>testium</span> <span class='ocrx_word' id='word_1_170' title='bbox 1293 2685 1326 2726; x_wconf 91' lang='lat' dir='ltr'>v.</span> <span class='ocrx_word' id='word_1_171' title='bbox 1346 2686 1378 2728; x_wconf 85' lang='lat' dir='ltr'>v.</span> 
     </span>
     <span class='ocr_line' id='line_1_21' title="bbox 147 2770 1298 2854; baseline 0 -18"><span class='ocrx_word' id='word_1_172' title='bbox 147 2792 185 2837; x_wconf 91' lang='lat'>12</span> <span class='ocrx_word' id='word_1_173' title='bbox 212 2783 245 2835; x_wconf 90' lang='lat' dir='ltr'>et</span> <span class='ocrx_word' id='word_1_174' title='bbox 275 2791 311 2852; x_wconf 86' lang='lat'>13</span> <span class='ocrx_word' id='word_1_175' title='bbox 339 2772 505 2854; x_wconf 88' lang='lat' dir='ltr'>superflua</span> <span class='ocrx_word' id='word_1_176' title='bbox 529 2791 601 2833; x_wconf 89' lang='lat' dir='ltr'>esse</span> <span class='ocrx_word' id='word_1_177' title='bbox 625 2781 759 2853; x_wconf 89' lang='lat' dir='ltr'>propter</span> <span class='ocrx_word' id='word_1_178' title='bbox 784 2770 847 2832; x_wconf 88' lang='lat' dir='ltr'>hoc</span> <span class='ocrx_word' id='word_1_179' title='bbox 871 2772 1112 2848; x_wconf 87' lang='lat' dir='ltr'>testimonium,</span> <span class='ocrx_word' id='word_1_180' title='bbox 1139 2773 1298 2836; x_wconf 88' lang='lat' dir='ltr'>concidit.</span> 
     </span>
    </p>

    <p class='ocr_par' dir='ltr' id='par_1_8' title="bbox 145 2881 1380 3075">
     <span class='ocr_line' id='line_1_22' title="bbox 189 2881 1378 2963; baseline 0.002 -18"><span class='ocrx_word' id='word_1_181' title='bbox 189 2885 304 2946; x_wconf 85' lang='lat' dir='ltr'>Testes</span> <span class='ocrx_word' id='word_1_182' title='bbox 335 2883 481 2945; x_wconf 87' lang='lat' dir='ltr'>adhiberi</span> <span class='ocrx_word' id='word_1_183' title='bbox 512 2882 553 2943; x_wconf 94' lang='lat' dir='ltr'>ad</span> <span class='ocrx_word' id='word_1_184' title='bbox 577 2882 768 2943; x_wconf 90' lang='lat' dir='ltr'>tradendam</span> <span class='ocrx_word' id='word_1_185' title='bbox 793 2883 967 2963; x_wconf 90' lang='lat' dir='ltr'>pecuniam</span> <span class='ocrx_word' id='word_1_186' title='bbox 991 2881 1255 2963; x_wconf 87' lang='lat' dir='ltr'>vulgatissimum</span> <span class='ocrx_word' id='word_1_187' title='bbox 1286 2895 1378 2961; x_wconf 90' lang='lat' dir='ltr'>erat;</span> 
     </span>
     <span class='ocr_line' id='line_1_23' title="bbox 145 2994 1380 3075; baseline 0.002 -25"><span class='ocrx_word' id='word_1_188' title='bbox 145 3012 263 3075; x_wconf 50' lang='lat'>3020:</span> <span class='ocrx_word' id='word_1_189' title='bbox 291 3004 328 3069; x_wconf 79' lang='grc' dir='ltr'>τῷ</span> <span class='ocrx_word' id='word_1_190' title='bbox 349 3000 423 3050; x_wconf 80' lang='grc' dir='ltr'><em>τοῦθ’</em></span> <span class='ocrx_word' id='word_1_191' title='bbox 444 2996 518 3061; x_wconf 79' lang='grc' dir='ltr'><em>υμῶν</em></span> <span class='ocrx_word' id='word_1_192' title='bbox 538 2997 627 3048; x_wconf 73' lang='grc' dir='ltr'><em>πιστὸν</em></span> <span class='ocrx_word' id='word_1_193' title='bbox 648 3001 684 3056; x_wconf 81' lang='grc' dir='ltr'>ὡς</span> <span class='ocrx_word' id='word_1_194' title='bbox 707 2997 836 3049; x_wconf 77' lang='grc' dir='ltr'><em>ταλάντου</em></span> <span class='ocrx_word' id='word_1_195' title='bbox 856 3004 901 3066; x_wconf 75' lang='grc' dir='ltr'>τῆς</span> <span class='ocrx_word' id='word_1_196' title='bbox 919 2998 1026 3065; x_wconf 81' lang='grc' dir='ltr'><em>προικὸς</em></span> <span class='ocrx_word' id='word_1_197' title='bbox 1043 2994 1126 3067; x_wconf 80' lang='grc' dir='ltr'><strong><em>οὔσης</em></strong></span> <span class='ocrx_word' id='word_1_198' title='bbox 1141 2997 1203 3050; x_wconf 82' lang='grc' dir='ltr'><em>ἄνευ</em></span> <span class='ocrx_word' id='word_1_199' title='bbox 1218 2998 1380 3068; x_wconf 81' lang='grc' dir='ltr'><em>μαρτύρων</em></span> 
     </span>
    </p>
   </div>
   <div class='ocr_carea' id='block_1_5' title="bbox 144 3100 1378 3184">
    <p class='ocr_par' dir='ltr' id='par_1_9' title="bbox 144 3100 1378 3184">
     <span class='ocr_line' id='line_1_24' title="bbox 144 3100 1378 3184; baseline 0.002 -20"><span class='ocrx_word' id='word_1_200' title='bbox 144 3114 269 3164; x_wconf 77' lang='grc' dir='ltr'><em>τοσοῦτον</em></span> <span class='ocrx_word' id='word_1_201' title='bbox 279 3107 408 3179; x_wconf 62' lang='grc' dir='ltr'>ἀργύριον</span> <span class='ocrx_word' id='word_1_202' title='bbox 418 3107 597 3179; x_wconf 51' lang='lat' dir='ltr'>&amp;reperturam</span> <span class='ocrx_word' id='word_1_203' title='bbox 613 3122 672 3162; x_wconf 90' lang='lat' dir='ltr'>cur</span> <span class='ocrx_word' id='word_1_204' title='bbox 684 3121 782 3183; x_wconf 90' lang='lat' dir='ltr'>quam</span> <span class='ocrx_word' id='word_1_205' title='bbox 797 3101 927 3182; x_wconf 92' lang='lat' dir='ltr'>plurimi</span> <span class='ocrx_word' id='word_1_206' title='bbox 940 3100 1155 3162; x_wconf 88' lang='lat' dir='ltr'>adhibeantur</span> <span class='ocrx_word' id='word_1_207' title='bbox 1167 3101 1242 3163; x_wconf 91' lang='lat' dir='ltr'>vide</span> <span class='ocrx_word' id='word_1_208' title='bbox 1254 3121 1314 3182; x_wconf 84' lang='lat'>34,</span> <span class='ocrx_word' id='word_1_209' title='bbox 1320 3123 1378 3184; x_wconf 85' lang='lat'>30.</span> 
     </span>
    </p>
   </div>
   <div class='ocr_carea' id='block_1_6' title="bbox 708 3549 803 3624">
    <p class='ocr_par' dir='ltr' id='par_1_10' title="bbox 708 3549 803 3624">
     <span class='ocr_line' id='line_1_25' title="bbox 708 3549 803 3624; baseline 0.011 -1"><span class='ocrx_word' id='word_1_210' title='bbox 708 3549 803 3624; x_wconf 75' lang='lat'>§15-</span> 
     </span>
    </p>
   </div>
   <div class='ocr_carea' id='block_1_7' title="bbox 145 3766 1374 4513">
    <p class='ocr_par' dir='ltr' id='par_1_11' title="bbox 146 3766 1374 3962">
     <span class='ocr_line' id='line_1_26' title="bbox 194 3766 1374 3852; baseline -0.003 -19"><span class='ocrx_word' id='word_1_211' title='bbox 194 3788 246 3850; x_wconf 88' lang='lat'>27.</span> <span class='ocrx_word' id='word_1_212' title='bbox 297 3772 350 3832; x_wconf 94' lang='lat' dir='ltr'>De</span> <span class='ocrx_word' id='word_1_213' title='bbox 375 3771 496 3832; x_wconf 89' lang='lat' dir='ltr'>omissa</span> <span class='ocrx_word' id='word_1_214' title='bbox 519 3770 679 3852; x_wconf 87' lang='lat' dir='ltr'>particula</span> <span class='ocrx_word' id='word_1_215' title='bbox 703 3770 734 3830; x_wconf 92' lang='lat' dir='ltr'>in</span> <span class='ocrx_word' id='word_1_216' title='bbox 760 3767 970 3847; x_wconf 83' lang='lat' dir='ltr'>adiungendo</span> <span class='ocrx_word' id='word_1_217' title='bbox 994 3771 1061 3824; x_wconf 81' lang='grc' dir='ltr'><em>κατὰ</em></span> <span class='ocrx_word' id='word_1_218' title='bbox 1086 3773 1147 3827; x_wconf 89' lang='lat' dir='ltr'>cet.</span> <span class='ocrx_word' id='word_1_219' title='bbox 1171 3766 1209 3828; x_wconf 91' lang='lat' dir='ltr'>cf.</span> <span class='ocrx_word' id='word_1_220' title='bbox 1229 3767 1374 3830; x_wconf 82' lang='lat' dir='ltr'>Kiihner</span> 
     </span>
     <span class='ocr_line' id='line_1_27' title="bbox 146 3883 408 3962; baseline -0.004 -17"><span class='ocrx_word' id='word_1_221' title='bbox 146 3884 178 3945; x_wconf 92' lang='grc' dir='ltr'>ΙΙ</span> <span class='ocrx_word' id='word_1_222' title='bbox 207 3883 270 3962; x_wconf 82' lang='lat'>863</span> <span class='ocrx_word' id='word_1_223' title='bbox 291 3889 309 3955; x_wconf 80' lang='grc' dir='ltr'>β</span> <span class='ocrx_word' id='word_1_224' title='bbox 330 3891 361 3943; x_wconf 82' lang='lat' dir='ltr'>et</span> <span class='ocrx_word' id='word_1_225' title='bbox 382 3908 408 3957; x_wconf 71' lang='grc' dir='ltr'>γ.</span> 
     </span>
    </p>

    <p class='ocr_par' dir='ltr' id='par_1_12' title="bbox 145 3988 1372 4295">
     <span class='ocr_line' id='line_1_28' title="bbox 194 3988 1372 4064; baseline -0.004 -9"><span class='ocrx_word' id='word_1_226' title='bbox 194 3995 247 4056; x_wconf 86' lang='lat'>28.</span> <span class='ocrx_word' id='word_1_227' title='bbox 298 3993 373 4054; x_wconf 93' lang='lat' dir='ltr'>Non</span> <span class='ocrx_word' id='word_1_228' title='bbox 399 3991 474 4053; x_wconf 91' lang='lat' dir='ltr'>licet</span> <span class='ocrx_word' id='word_1_229' title='bbox 499 4014 516 4052; x_wconf 93' lang='lat' dir='ltr'>e</span> <span class='ocrx_word' id='word_1_230' title='bbox 540 3992 641 4053; x_wconf 90' lang='lat' dir='ltr'>verbo</span> <span class='ocrx_word' id='word_1_231' title='bbox 666 3994 817 4055; x_wconf 72' lang='grc' dir='ltr'><em>κελεύοντος</em></span> <span class='ocrx_word' id='word_1_232' title='bbox 844 3988 1058 4064; x_wconf 89' lang='lat' dir='ltr'>concludere,</span> <span class='ocrx_word' id='word_1_233' title='bbox 1086 3988 1254 4049; x_wconf 91' lang='lat' dir='ltr'>Lacritum</span> <span class='ocrx_word' id='word_1_234' title='bbox 1279 4009 1372 4050; x_wconf 92' lang='lat' dir='ltr'>man-</span> 
     </span>
     <span class='ocr_line' id='line_1_29' title="bbox 145 4099 1372 4183; baseline -0.003 -18"><span class='ocrx_word' id='word_1_235' title='bbox 145 4105 292 4165; x_wconf 89' lang='lat' dir='ltr'>datorem</span> <span class='ocrx_word' id='word_1_236' title='bbox 327 4103 443 4175; x_wconf 81' lang='lat' dir='ltr'>fuisse;</span> <span class='ocrx_word' id='word_1_237' title='bbox 479 4112 528 4163; x_wconf 89' lang='lat' dir='ltr'>est</span> <span class='ocrx_word' id='word_1_238' title='bbox 559 4104 687 4183; x_wconf 89' lang='lat' dir='ltr'>potius,</span> <span class='ocrx_word' id='word_1_239' title='bbox 722 4099 903 4161; x_wconf 91' lang='lat' dir='ltr'>secundum</span> <span class='ocrx_word' id='word_1_240' title='bbox 933 4101 1121 4180; x_wconf 85' lang='lat' dir='ltr'>petitorem,</span> <span class='ocrx_word' id='word_1_241' title='bbox 1149 4118 1307 4179; x_wconf 88' lang='lat' dir='ltr'>sponsor,</span> <span class='ocrx_word' id='word_1_242' title='bbox 1336 4109 1372 4161; x_wconf 90' lang='lat' dir='ltr'>ut</span> 
     </span>
     <span class='ocr_line' id='line_1_30' title="bbox 145 4209 1353 4295; baseline -0.002 -20"><span class='ocrx_word' id='word_1_243' title='bbox 145 4224 232 4275; x_wconf 89' lang='lat' dir='ltr'>recte</span> <span class='ocrx_word' id='word_1_244' title='bbox 257 4213 440 4295; x_wconf 86' lang='lat' dir='ltr'>explicatur</span> <span class='ocrx_word' id='word_1_245' title='bbox 464 4213 552 4294; x_wconf 84' lang='lat' dir='ltr'>apud</span> <span class='ocrx_word' id='word_1_246' title='bbox 580 4209 938 4290; x_wconf 79' lang='lat' dir='ltr'>Mei.-Sch0em.·LipS.</span> <span class='ocrx_word' id='word_1_247' title='bbox 965 4230 997 4290; x_wconf 91' lang='lat' dir='ltr'>p.</span> <span class='ocrx_word' id='word_1_248' title='bbox 1025 4222 1110 4287; x_wconf 85' lang='lat'>735,</span> <span class='ocrx_word' id='word_1_249' title='bbox 1136 4217 1246 4270; x_wconf 90' lang='lat' dir='ltr'>annot.</span> <span class='ocrx_word' id='word_1_250' title='bbox 1274 4223 1353 4288; x_wconf 84' lang='lat'>750.</span> 
     </span>
    </p>

    <p class='ocr_par' dir='ltr' id='par_1_13' title="bbox 192 4326 1302 4407">
     <span class='ocr_line' id='line_1_31' title="bbox 192 4326 1302 4407; baseline -0.009 -20"><span class='ocrx_word' id='word_1_251' title='bbox 192 4347 224 4407; x_wconf 89' lang='lat' dir='ltr'>p.</span> <span class='ocrx_word' id='word_1_252' title='bbox 250 4327 363 4406; x_wconf 80' lang='lat'>928‚3.</span> <span class='ocrx_word' id='word_1_253' title='bbox 389 4330 587 4400; x_wconf 74' lang='grc' dir='ltr'><em>γράφοντος</em></span> <span class='ocrx_word' id='word_1_254' title='bbox 610 4326 665 4381; x_wconf 82' lang='grc' dir='ltr'>καὶ</span> <span class='ocrx_word' id='word_1_255' title='bbox 685 4330 995 4398; x_wconf 81' lang='grc' dir='ltr'><em>συσσημηναμένου</em></span> <span class='ocrx_word' id='word_1_256' title='bbox 1016 4327 1137 4395; x_wconf 74' lang='grc' dir='ltr'><em>ἐπειδὴ</em></span> <span class='ocrx_word' id='word_1_257' title='bbox 1157 4326 1302 4396; x_wconf 74' lang='grc' dir='ltr'><em>ἐγράφη.</em></span> 
     </span>
    </p>

    <p class='ocr_par' dir='ltr' id='par_1_14' title="bbox 194 4429 1368 4513">
     <span class='ocr_line' id='line_1_32' title="bbox 194 4429 1368 4513; baseline -0.003 -14"><span class='ocrx_word' id='word_1_258' title='bbox 194 4438 307 4500; x_wconf 91' lang='lat' dir='ltr'>Partic.</span> <span class='ocrx_word' id='word_1_259' title='bbox 341 4437 467 4498; x_wconf 91' lang='lat' dir='ltr'>Aoristi</span> <span class='ocrx_word' id='word_1_260' title='bbox 492 4457 568 4497; x_wconf 91' lang='lat' dir='ltr'>cum</span> <span class='ocrx_word' id='word_1_261' title='bbox 594 4436 776 4497; x_wconf 89' lang='lat' dir='ltr'>Praesentis</span> <span class='ocrx_word' id='word_1_262' title='bbox 802 4435 948 4495; x_wconf 92' lang='lat' dir='ltr'>iunctum</span> <span class='ocrx_word' id='word_1_263' title='bbox 973 4450 1094 4513; x_wconf 84' lang='lat' dir='ltr'>43‚3o;</span> <span class='ocrx_word' id='word_1_264' title='bbox 1121 4429 1242 4511; x_wconf 85' lang='lat'>47‚62;</span> <span class='ocrx_word' id='word_1_265' title='bbox 1272 4436 1368 4513; x_wconf 87' lang='lat'>53‚8;</span> 
     </span>
    </p>
   </div>
   <div class='ocr_carea' id='block_1_8' title="bbox 0 0 1515 5296">
    <p class='ocr_par' dir='ltr' id='par_1_15' title="bbox 0 0 1515 5296">
     <span class='ocr_line' id='line_1_33' title="bbox 0 0 1515 5296; baseline 0 0"><span class='ocrx_word' id='word_1_266' title='bbox 0 0 1515 5296; x_wconf 95' lang='lat' dir='ltr'> </span> 
     </span>
    </p>
   </div>
  </div>
 </body>
</html>
