3008 5296
737 543 757 584 X

139 718 270 780 hibendi
302 724 384 775 retro
413 722 532 796 ἔντεχνον
565 719 580 793 §
612 735 656 797 47
689 741 733 792 s.‚
769 719 865 801 idque
898 741 972 782 cum
998 722 1232 784 Demosthenis
1257 724 1363 784 virtus

138 832 278 892 oratoria
311 832 342 891 in
375 830 462 893 nulla
491 851 524 892 re
553 833 657 911 magis
683 841 831 894 cernatur
856 852 951 913 quam
980 834 1011 893 in
1036 835 1235 913 argumentis
1262 853 1281 894 e
1308 854 1362 895 co-

137 961 226 1003 nexu
250 961 358 1002 rerum
383 940 507 1003 ductis!

185 1054 318 1128 Restat,
346 1052 386 1114 de
411 1073 476 1134 quo
500 1073 652 1134 agamus,
680 1055 832 1115 orationis
851 1075 968 1116 sermo.
996 1054 1065 1115 lam
1081 1063 1206 1117 veteres
1225 1055 1361 1137 quidam

137 1165 237 1225 critici
264 1164 446 1226 Lacriteam
467 1173 601 1245 propter
623 1171 658 1221 τὸ
679 1176 735 1239 τῆς
755 1171 918 1238 φράσεως
938 1172 1112 1234 ἀνειμένων
1133 1174 1165 1226 et
1185 1166 1360 1229 formulam

136 1274 260 1336 iurandi
293 1275 322 1353 (ἓ
347 1274 405 1354 40)
437 1295 456 1336 a
485 1268 710 1336 Demosthene
734 1275 1017 1351 abiudicaverunt,
1045 1296 1126 1357 quos
1151 1276 1300 1338 refellere
1327 1298 1361 1338 se

136 1393 228 1467 putat
261 1385 415 1447 Libanius
449 1387 480 1446 in
513 1385 730 1466 Argumento.
782 1384 924 1447 Blassius
954 1395 1065 1447 contra
1090 1385 1132 1467 (u.
1160 1407 1184 1448 s.
1211 1408 1243 1467 p.
1274 1387 1360 1466 5o6;

75 1532 80 1542 ·
139 1497 217 1577 507)
242 1516 281 1557 ea
305 1505 472 1557 enumerat
497 1515 579 1576 quae
604 1497 711 1577 potius
733 1497 927 1557 conveniant
943 1495 1110 1577 sophistae
1126 1517 1241 1578 parum
1259 1498 1361 1560 habili

135 1627 232 1688 quarn
257 1627 385 1668 summo
411 1608 540 1668 oratori.
583 1606 665 1668 Sunt
688 1616 797 1669 autern
823 1607 921 1669 haec:
948 1616 1074 1669 vastum
1100 1592 1228 1670 dicendi
1255 1630 1361 1690 genus

135 1727 167 1780 et
192 1719 317 1780 iteratio
342 1720 369 1803 (ᾗ
395 1735 433 1796 7;
461 1732 518 1797 15;
545 1737 603 1798 19;
630 1719 668 1781 cf.
696 1735 752 1796 17;
781 1732 842 1797 25;
871 1737 931 1799 29;
960 1737 1020 1799 30;
1049 1738 1088 1799 31
1115 1717 1361 1802 cet.);senten-

135 1831 250 1891 tiarum
276 1829 351 1890 laxa
375 1838 535 1891 structura
559 1830 586 1911 (5
617 1848 627 1890 1
658 1850 715 1910 seq
725 1852 732 1904 ;
761 1847 777 1909 3
806 1850 864 1911 seq
874 1852 881 1905 ;
908 1830 929 1891 6
954 1850 1030 1911 seq;
1051 1830 1125 1910 36);
1144 1833 1275 1912 poetica
1293 1832 1361 1893 dic-

135 1942 181 2002 tio
213 1960 375 2022 apparens
400 1942 432 2001 in
456 1939 616 2001 vocabulo
642 1946 751 2002 τοκεῐς
780 1941 806 2022 (5
832 1940 907 2020 48);
934 1941 1157 2002 inusitatorum
1182 1942 1361 2005 verborum

135 2052 327 2132 aucupium,
361 2051 450 2112 velut
484 2051 599 2112 dicitur
632 2058 869 2127 τοιχωρυχεῖν
901 2053 927 2135 (5
953 2051 1005 2132 9);
1040 2053 1185 2113 convicia
1216 2055 1363 2133 agrestia

135 2163 161 2243 (5
180 2164 218 2238 8;
245 2179 308 2239 40;
335 2160 397 2239 46;
424 2161 462 2223 cf.
488 2172 501 2244 5
523 2160 582 2236 26;
611 2179 653 2240 39
679 2160 772 2243 cet.);
798 2161 1032 2223 cumulationes
1057 2162 1230 2223 verborum
1254 2165 1360 2247 (519,

141 2289 193 2350 17,
220 2273 295 2352 47);
330 2280 498 2353 postremo
530 2272 663 2333 facetiae
696 2273 722 2354 (ἕ
749 2291 759 2332 1
798 2292 872 2353 seq;
908 2272 964 2348 16;
994 2271 1054 2347 265
1080 2290 1124 2350 40
1150 2273 1250 2356 seq.),
1279 2294 1362 2355 quas

135 2382 179 2445 A.
207 2382 360 2444 Schaefer
393 2384 437 2464 (u.
463 2403 488 2445 s.
515 2403 547 2464 p.
576 2382 655 2463 291)
688 2381 798 2443 docuit
830 2382 949 2455 alienas
979 2403 1050 2444 esse
1075 2405 1094 2445 a
1119 2383 1361 2448 Demosthene.

136 2492 258 2555 Contra
289 2493 342 2555 hic
376 2493 440 2554 illic
473 2514 576 2574 genus
609 2493 736 2555 dicendi
771 2494 847 2555 satis
879 2493 1023 2555 vividum
1056 2509 1212 2576 apparere
1247 2505 1364 2557 monet

70 2635 72 2641 ι
134 2604 186 2686 (ci.
220 2605 234 2679 5
260 2604 317 2679 16;
353 2604 521 2685 45-49),
556 2606 600 2666 ita
630 2612 739 2666 tamen
771 2613 806 2666 ut
839 2604 941 2667 multo
971 2607 1012 2666 sit
1041 2605 1120 2667 infra
1144 2608 1363 2686 genuinarum

136 2716 328 2777 orationum.
383 2765 385 2768 .

182 2827 252 2888 Iam
284 2834 359 2888 ante
393 2825 554 2888 Blassium
580 2826 857 2888 demonstraverat
882 2826 1036 2887 Benseler
1060 2826 1127 2909 (De
1152 2825 1260 2901 hiatu,
1289 2827 1362 2889 Fri-

70 2970 75 2977 ·
135 2939 226 3020 berg.
253 2939 351 3019 1841)
375 2960 407 3019 p.
440 2954 520 3018 137,
548 2940 628 3018 138,
655 2937 733 2999 nihil
759 2958 888 3000 curasse
909 2946 1075 2999 auctorem
1094 2938 1264 3000 Lacriteae
1282 2959 1363 3000 con-

136 3050 301 3111 cursiones
334 3049 495 3111 vocalium
530 3050 626 3111 etiam
657 3050 683 3110 si
708 3048 800 3110 facile
824 3056 959 3131 possent
983 3046 1112 3124 evitari;
1139 3069 1222 3130 quae
1247 3050 1371 3130 negle·‘

136 3162 246 3242 gentia
269 3161 372 3242 (cuius
398 3159 550 3242 exempla
574 3159 830 3241 unumquodque
855 3161 1009 3221 orationis
1034 3180 1163 3221 comma
1189 3160 1363 3240 praebebit

136 3291 240 3353 neque
273 3273 386 3332 attinet
417 3271 470 3333 hic
503 3271 704 3352 enumerare)
736 3271 799 3332 late
830 3271 870 3332 ab
895 3291 956 3332 usu
982 3271 1215 3332 Demosthenis
1240 3270 1360 3348 distat,

136 3402 332 3463 quamquam
365 3402 429 3443 non
454 3381 606 3443 Isocratis
631 3383 662 3443 in
688 3381 749 3442 hac
774 3402 808 3442 re
833 3383 964 3443 nimiam
990 3381 1189 3462 diligentiam
1215 3391 1362 3444 sectatus

136 3501 194 3554 est.
245 3492 299 3554 Sic
331 3514 369 3554 ea
402 3513 531 3574 quoque
566 3492 620 3553 lex
653 3494 703 3553 cui
737 3491 880 3553 Blassius
913 3492 1156 3573 obtemperasse
1181 3491 1362 3555 Aeschinis

136 3603 354 3665 adversarium
380 3604 500 3664 invenit
524 3603 575 3684 (cf.
602 3604 670 3664 eius
695 3603 812 3664 librum
837 3622 934 3683 supra
959 3601 1123 3663 laudatum
1148 3623 1180 3684 p.
1207 3621 1251 3682 99
1274 3603 1362 3684 seq.)

136 3733 177 3774 ne
201 3714 274 3794 plus
299 3734 396 3795 quam
421 3712 504 3774 duae
527 3713 643 3775 breves
668 3712 812 3793 syllabae
837 3732 908 3773 sese
934 3714 1139 3794 exciperent,
1159 3714 1190 3773 in
1208 3711 1270 3772 hac
1288 3733 1362 3774 ora-

135 3825 224 3886 tione
256 3824 351 3906 plane
380 3832 506 3905 spreta,
532 3823 584 3886 vel
609 3825 716 3906 potius
742 3825 853 3904 ignota
878 3832 926 3892 est
952 3824 1111 3904 scriptori.
1160 3821 1237 3883 Alia
1263 3843 1362 3904 argu-

136 3943 245 3996 menta
261 3934 385 3997 addidit
403 3933 682 4016 Schimmelpfeng
698 3954 728 3996 u.
744 3955 769 3996 s.
785 3955 803 3995 e
819 3935 978 3995 sermonis
996 3935 1193 4014 proprietate
1211 3942 1359 4014 sumpta,

135 4065 218 4127 quae
244 4045 323 4107 infra
348 4066 407 4107 suo
433 4045 506 4107 loco
531 4045 757 4120 tractabimus;
784 4044 858 4106 vide
883 4046 951 4106 eius
976 4045 1208 4106 dissertationis
1234 4065 1266 4125 p.
1296 4062 1360 4124 343

139 4170 199 4235 353
235 4173 277 4236 37
311 4177 336 4218 S.
362 4156 389 4232 ῖς
426 4175 469 4236 34
495 4178 520 4218 s.
546 4157 573 4231 f;
601 4156 642 4236 63
670 4177 695 4218 S.
722 4156 749 4231 f;
776 4155 838 4234 653
866 4155 928 4234 67;
955 4176 1039 4217 nunc
1064 4155 1202 4216 sufficiat
1227 4155 1380 4217 conclu.

137 4267 215 4328 dere
240 4276 272 4328 et
295 4242 429 4350 propter
453 4269 608 4349 ambages
634 4268 855 4350 dispositionis
880 4275 913 4328 et
936 4275 1070 4348 propter
1091 4267 1244 4346 ineptiam
1261 4286 1362 4348 argu·

137 4387 320 4440 mentorum
345 4387 377 4440 et
401 4378 602 4440 inconditum
628 4377 755 4440 dicendi
773 4398 875 4458 genus
894 4378 1076 4438 Lacriteam
1093 4396 1112 4437 a
1131 4375 1362 4439 Demosthene

137 4510 208 4550 esse
232 4488 489 4551 abiudicandam.
