3008 5296
656 516 692 577 31

52 691 141 753 illud
167 712 240 753 esse
266 693 517 754 instrumentum
543 692 633 774 quod
650 694 801 774 primitus
818 705 868 754 est
885 693 1064 754 conditum.
1091 691 1288 755 Salmasium

53 802 314 864 contendentem
340 801 580 884 depositionem
605 805 771 886 propriam
796 804 896 865 fuisse
920 803 1146 886 syngraphae,
1173 804 1290 867 refutat

54 910 178 973 Gneist
210 933 242 994 p.
269 929 355 990 442,
389 914 532 994 probans
557 914 779 996 syngrapham
805 935 870 976 non
895 935 967 975 esse
992 914 1157 995 peculiare
1182 936 1287 996 genus

54 1030 260 1084 contractus

108 1131 221 1212 Quam
246 1132 289 1194 ob
314 1154 446 1196 causam
472 1155 601 1197 summa
625 1135 705 1196 fides
727 1134 876 1197 habenda
893 1144 980 1197 esset
996 1156 1131 1198 necesse
1149 1144 1217 1198 erat
1235 1136 1290 1199 de-

54 1244 218 1324 positario
235 1241 384 1329 (33‚36);
407 1265 506 1326 saepe
523 1248 702 1308 mensarius
719 1245 784 1307 hoc
801 1266 936 1308 munere
953 1246 1148 1327 fungebatur
1165 1246 1287 1332 (34,6);

56 1353 101 1414 de
136 1352 366 1416 tabellionibus
399 1360 672 1431 (γραμματσφύλαξι,
694 1361 918 1431 συνθηαοφύλαὲι)
943 1356 1082 1437 publicis
1108 1357 1147 1419 cf.
1174 1356 1290 1420 Gneist

55 1485 91 1545 p.
120 1477 189 1544 459
215 1485 240 1526 S.
283 1463 382 1526 Solus
407 1465 625 1547 depositarius
649 1467 741 1527 te'stis
766 1475 816 1526 est
841 1468 954 1543 48,11.
994 1465 1121 1529 Summi
1147 1488 1223 1528 cum
1249 1471 1290 1530 sit

57 1575 220 1635 momenti
254 1573 416 1656 depositio
449 1595 522 1636 raro
554 1577 732 1650 omittitur;
766 1577 845 1657 quin
878 1578 975 1638 etiam
1002 1579 1034 1638 in
1060 1577 1168 1639 media
1191 1581 1289 1640 maris

58 1685 269 1766 navigatione
302 1687 444 1747 occurrit
476 1684 588 1765 32,16.
637 1684 829 1767 Aliquando
862 1686 992 1748 duobus
1025 1689 1187 1770 exemplis
1213 1709 1289 1750 con-

55 1802 185 1856 tractus
210 1797 338 1877 scriptis
362 1796 501 1858 alterum
527 1796 715 1877 deponitur,
742 1796 881 1858 alterum
906 1806 1013 1859 servat
1037 1798 1192 1860 alteruter
1213 1819 1289 1860 con-

57 1903 259 1966 trahentium
298 1922 410 1985 34,32.
461 1904 528 1967 Cur
565 1906 748 1987 deponatur
781 1906 878 1968 docet
910 1908 1003 1969 locus
1039 1907 1157 1987 33‚36:
1193 1914 1288 1972 πάντες

58 2019 197 2089 ἄνθρωποι
222 2019 320 2074 τούτου
340 2021 414 2075 ἕνεκα
435 2023 613 2093 σημηνάμενοι
633 2023 746 2075 τίθενται
765 2024 831 2091 παρ’
852 2019 888 2082 οἷς
910 2024 941 2074 ἂν
961 2022 1132 2076 πιστεύσωσιν
1153 2022 1182 2075 ἵν’
1201 2024 1246 2074 ἐάν
1266 2042 1290 2075 τι

58 2131 227 2202 ἀντιλέγωσιν
251 2125 272 2204 η’
304 2132 394 2194 αὐτοῖς
425 2133 608 2186 ἐπανελθοῦσιν
636 2129 679 2185 ἐπὶ
708 2133 741 2185 τὰ
770 2133 921 2204 γράμματα
951 2135 1075 2187 ἐντεῦθεν
1104 2135 1149 2186 τὸν
1178 2132 1289 2205 ἔλεγχον

56 2243 222 2312 ποιήσασθαι
240 2239 304 2312 περὶ
324 2247 372 2296 τοῦ
393 2245 651 2314 ἀμφισβητουμένου.

113 2347 163 2409 16.
213 2354 404 2423 μαρτυρεῖ.
453 2349 569 2411 Testes
603 2349 644 2410 de
678 2370 714 2411 se
737 2351 831 2411 tertia
856 2369 996 2430 persona
1021 2350 1221 2431 loquuntur;
1248 2350 1287 2412 cf.

58 2477 159 2540 29,31
190 2468 223 2521 et
250 2473 346 2539 5431
375 2463 562 2523 testimonia
586 2461 627 2523 ab
653 2463 725 2542 ipso
750 2469 878 2522 oratore
904 2463 1032 2524 inserta.
1172 2450 1175 2455 ’

112 2570 163 2632 16.
213 2579 354 2649 συνθήκας.
404 2572 457 2633 De
489 2572 605 2654 plurali
631 2573 663 2633 in
687 2571 893 2653 pactionibus
919 2571 1167 2633 denominandis
1194 2593 1286 2633 usur-

54 2689 139 2763 pato
164 2681 204 2743 cf.
232 2681 403 2744 Rehdantz
427 2683 469 2745 ad
495 2683 641 2763 Lycurg.
669 2682 785 2743 Leocr.
814 2685 829 2760 ξ
857 2700 910 2762 23.

112 2808 163 2870 17.
212 2798 476 2853 κατατίθεσθαι
499 2795 667 2875 deponere,
694 2815 779 2876 opp:
807 2801 972 2869 ἀναιρεῖσθαι
995 2803 1150 2874 repetere,
1177 2802 1289 2855 contra

54 2908 174 2976 ἀναιρεῖν
198 2913 247 2965 est
272 2908 357 2981 λύειν,
383 2905 569 2967 rescindere.

111 3031 162 3093 19.
211 3015 299 3072 εἶναι
319 3018 371 3073 ἔτι
391 3023 559 3092 κειμένην.
610 3017 839 3078 Westermann
863 3037 896 3097 p.
924 3017 964 3095 83
985 3017 1178 3077 oscitantem
1196 3014 1289 3076 falsa-

55 3125 144 3185 rium
168 3123 222 3185 hic
247 3146 381 3207 quoque
407 3147 531 3188 errasse
556 3129 609 3189 ait.
660 3126 725 3188 Sed
750 3127 834 3189 bene
859 3146 895 3187 se
920 3125 1036 3187 habet:
1062 3127 1286 3187 testimonium
1328 3204 1339 3222 Ι

55 3236 91 3296 in
116 3236 252 3296 anacrisi
277 3239 494 3318 perscriptum
520 3246 586 3312 est,
613 3236 801 3319 syngrapha
825 3237 923 3298 etiam
948 3245 1019 3298 tum
1045 3236 1133 3298 domi
1157 3236 1287 3318 deposi-

54 3346 131 3407 tarii
164 3345 343 3422 residente3
370 3368 455 3428 quae
479 3357 594 3430 postea
620 3350 651 3410 in
676 3346 829 3409 echinum
854 3345 1119 3430 (Mei-Schoem.
1146 3367 1178 3428 p.
1205 3346 1286 3432 904)

57 3457 208 3518 coniecta
233 3466 299 3534 est,
326 3461 382 3539 qui
408 3458 599 3542 obsignatus
621 3456 758 3543 (47,16;Ι
778 3457 892 3543 5427)
910 3460 941 3519 in
959 3457 1080 3519 iudicio
1098 3457 1286 3539 depositarii

57 3575 169 3649 partes
201 3569 278 3650 agit.
329 3569 426 3631 Plura
458 3570 535 3632 ibid.
569 3592 601 3653 p.
635 3589 705 3650 494
738 3591 763 3632 s.
814 3569 867 3631 De
891 3569 1085 3630 testimoniis
1110 3568 1149 3628 de
1171 3567 1287 3647 scripto

58 3678 201 3746 recitatis
226 3678 265 3740 cf.
292 3693 412 3758 45,44:
440 3687 455 3736 ὁ
476 3686 554 3749 νόμος
576 3686 730 3754 μαρτυρεῖν
749 3685 775 3736 ἐν
795 3682 973 3754 γραμματείῳ
994 3680 1103 3736 κελεύει.

111 3805 163 3851 21.
201 3792 370 3854 θεόθστσς
392 3794 552 3865 ἰσοτελής
568 3791 704 3852 fortasse
717 3790 804 3851 idem
820 3789 875 3869 qui
892 3789 992 3867 34,18
1007 3785 1184 3870 (Kirchner
1197 3809 1228 3869 p.
1242 3788 1285 3873 8).

110 3915 163 3961 22,
216 3899 375 3972 Φορμίων
396 3901 647 3975 Ιίτησιφώντος
672 3902 876 3972 Πειραιεύς.
927 3898 1003 3959 HOC
1028 3919 1148 3960 nomen
1173 3920 1216 3960 ex
1241 3900 1286 3960 ln-

58 4011 237 4091 scriptione
265 4007 301 4071 C.
318 4009 343 4071 Ι.
360 4008 403 4070 Α.
431 4009 482 4084 ΙΙ,
511 4010 612 4086 2‚804
638 4006 724 4091 (anni
749 4017 824 4069 ante
847 4007 923 4070 Chr.
942 4029 972 4070 n.
994 4005 1108 4094 334l3)
1125 4009 1286 4072 adscitum

59 4130 111 4183 est
143 4123 255 4182 aviro
280 4121 312 4181 d.
339 4120 503 4181 Kirchner
527 4119 660 4202 (Rhein.
688 4120 776 4181 Mus
803 4120 880 4182 Vol.
909 4137 962 4199 39.
994 4121 1099 4197 1884,
1126 4141 1158 4201 p.
1187 4120 1285 4205 309),

57 4242 134 4296 ante
160 4253 236 4295 eum
262 4232 431 4313 legebatur
456 4233 683 4308 Κηφισοφῶντος,
711 4234 741 4292 in
765 4231 855 4312 quod
873 4231 991 4293 abiisse
1008 4231 1136 4293 videtur
1153 4240 1288 4312 propter

58 4364 202 4425 sequens
228 4345 422 4420 Κηφισόδοτος.
472 4343 578 4405 Grave
604 4342 667 4404 hoc
691 4351 922 4424 argumentum
952 4351 1001 4403 est
1029 4342 1070 4403 ad
1095 4342 1286 4404 firmandam

59 4456 160 4520 fidem
185 4457 400 4518 instrumenti.
