3008 5296
113 929 150 992 6.
201 928 325 984 οὑτωσὶ
346 933 519 1002 ἀκριβῶςε
546 927 643 989 claris
666 927 785 1004 verbis,
816 948 882 989 non
907 950 965 1009 per
990 928 1157 1009 ambages,
1192 926 1298 1009 Saepe

61 1041 157 1104 οὕτως
190 1037 242 1100 vel
275 1039 378 1094 οὑτωσί
405 1039 624 1119 postponitur.
676 1038 783 1099 Multa
819 1039 972 1121 exempla
1005 1038 1093 1100 dabit
1126 1038 1298 1100 Rehdantz

62 1148 143 1210 Ind.
171 1148 223 1225 II,
249 1169 282 1230 p.
310 1147 374 1227 263
402 1168 494 1230 seqq.
545 1149 666 1210 Dissen
691 1147 732 1209 ad
763 1148 879 1223 18,26:
905 1150 1137 1231 „Postponitur
1154 1153 1225 1206 οὕτω
1244 1148 1298 1210 ubi

62 1261 175 1321 maior
200 1261 248 1320 vis
274 1260 305 1320 in
330 1258 510 1334 adiectivo,
529 1260 740 1341 praeponitur
758 1259 811 1320 ubi
830 1259 981 1321 vocabuli
999 1263 1070 1316 οὕτω
1087 1260 1191 1321 maior
1207 1261 1255 1320 vis
1267 1258 1297 1334 ,'’

62 1370 227 1451 idemque
251 1369 374 1430 Weber
398 1369 439 1430 ad
464 1369 625 1430 Aristocr.
658 1387 684 1431 1.
735 1368 836 1449 Quod
861 1378 969 1431 tamen
996 1371 1027 1431 in
1052 1370 1214 1451 exemplis
1232 1390 1297 1431 non

62 1481 223 1560 religiose
248 1479 458 1540 observatum
484 1486 551 1553 est;
576 1479 651 1540 vide
675 1489 844 1560 praeterea
869 1481 992 1542 Buttm.
1011 1481 1043 1542 in
1063 1480 1134 1541 Ind.
1154 1481 1195 1542 ad
1215 1480 1296 1542 Mid.

64 1589 226 1652 Schoem.
253 1588 294 1650 ad
320 1588 403 1649 Isae.
427 1608 460 1669 p.
489 1589 565 1664 248.
616 1588 783 1649 Heindorf
801 1589 842 1649 ad
868 1590 914 1651 Pl.
941 1588 1043 1671 Gorg.
1070 1610 1102 1671 p.
1134 1589 1207 1670 196.

118 1700 150 1761 8.
201 1699 255 1754 κοὶ
275 1702 423 1767 μάλιστα
448 1707 523 1759 sunt
549 1698 731 1779 iungenda:
760 1699 832 1774 „vel
858 1699 1035 1762 maxime.'’
1075 1701 1243 1761 Heindorf
1257 1701 1298 1761 ad

64 1810 116 1871 Pl.
153 1801 275 1870 Phaed.
306 1806 346 1869 61
377 1808 416 1870 E.
467 1808 613 1890 Lycurg.
646 1827 718 1889 139.
769 1809 892 1873 Aesch.
925 1827 1011 1889 1,27.
1060 1812 1146 1874 Xen.
1174 1810 1295 1894 Cyrop.

67 1937 198 1999 2,1,13.
226 1918 264 1980 ef.
291 1918 399 1999 Kriig.
426 1917 572 1981 Gramm.
599 1919 771 2000 69‚32,18.

116 2032 346 2090 ἐπεδείξαντο
371 2039 438 2091 est:
460 2039 674 2106 ostentarunt3
695 2044 814 2111 25‚50:
832 2035 954 2096 ἐπίδειξιν
965 2039 1098 2090 minimae
1108 2043 1152 2107 τῆς
1165 2039 1298 2109 πονηρίας.

68 2139 193 2220 58‚65:
223 2143 269 2203 τὰς
292 2141 380 2196 αὐτῶν
399 2147 494 2212 ῥώμας
516 2145 717 2204 ἐπιδείκνυσθαι,

119 2252 150 2313 8.
201 2251 309 2322 ὕβριν.
358 2247 511 2311 Schoem.
537 2250 578 2311 ad
604 2248 685 2312 Isae.
708 2269 783 2329 4‚11
801 2274 808 2313 :
827 2234 956 2324 ὑβρίζειν
974 2252 1163 2333 saepissime
1181 2218 1298 2313 dicitur

64 2362 112 2423 de
129 2362 169 2422 iis
186 2360 243 2440 qui
260 2358 393 2420 alterius
411 2360 482 2420 iura
499 2362 712 2443 contemptim
730 2370 762 2422 et
778 2361 963 2442 petulanter
979 2362 1108 2423 laedere
1125 2371 1297 2424 conantur.

117 2491 148 2552 9.
201 2475 280 2528 οὐδὲ
306 2477 437 2545 μικρόν.
486 2471 525 2532 Cf.
551 2471 593 2532 ad
619 2475 633 2549 ξ
660 2487 709 2549 17.

118 2599 169 2644 10.
218 2588 414 2658 γράμμοοι;
440 2580 592 2660 capitibus
616 2592 810 2658 contractus,
838 2591 874 2644 ut
900 2583 1019 2663 20,69;
1049 2586 1175 2663 23,48.,

119 2710 167 2754 ΙΙ.
218 2695 337 2756 ἄλλως.
388 2689 523 2754 Ruhnk.
557 2693 598 2754 ad
631 2693 756 2756 Timae.
790 2714 822 2775 p.
850 2712 931 2774 199:
966 2699 1051 2759 ἄλλως
1086 2696 1299 2775 exquisitiore

62 2804 195 2866 ratione
219 2802 266 2862 sic
291 2821 367 2863 cum
392 2801 577 2863 nominibus
603 2804 764 2884 iungitur,
791 2812 827 2864 ut
852 2805 921 2864 eius
942 2804 991 2865 vis
1008 2824 1074 2866 non
1091 2804 1182 2866 aliter
1199 2825 1298 2885 quam

64 2914 190 2976 Latino
222 2910 400 2994 „prorsus”
432 2911 485 2973 vel
520 2933 607 2987 „non
640 2913 721 2974 nisi’'
753 2914 988 2994 exprimatur.'’
1038 2914 1138 2976 Adde
1164 2914 1298 2977 Dobree

61 3024 224 3108 (Advers.
251 3022 302 3085 ed.
329 3021 486 3108 Wagner)
512 3022 544 3083 ΙΙ
571 3045 602 3105 p.
631 3037 670 3103 75
698 3024 740 3085 ad
766 3041 863 3104 1924
889 3029 970 3101 ὄχλος
992 3028 1077 3089 ἄλλως
1099 3026 1141 3081 κοὶ
1160 3029 1298 3097 βασκανία.

94 3150 173 3199 *11.
224 3137 602 3211 dviiouxaipiuupc'av.
645 3134 698 3197 Sic
718 3138 816 3216 20‚83
842 3141 935 3209 λόγους
958 3135 999 3190 καὶ
1019 3138 1152 3209 φλυαρίας
1180 3134 1299 3209 „verba

64 3258 101 3311 et
135 3247 295 3329 ineptias'’
323 3256 358 3308 ut
381 3248 425 3308 ait
451 3245 518 3309 Cic.
546 3248 577 3308 in
603 3247 711 3309 Pison.
732 3245 843 3325 27,65.
879 3249 977 3310 ἅλλους
1000 3249 1080 3320 λέγειν
1109 3243 1188 3306 Plat.
1217 3245 1296 3325 Lys.

67 3377 134 3423 221
166 3360 198 3420 D
209 3381 216 3436 ;
243 3359 284 3420 de
310 3359 394 3440 Rep.
423 3358 454 3434 I,
484 3356 550 3437 336
577 3358 628 3419 D:
654 3371 747 3434 γροων
768 3361 860 3422 ὕυλος.
901 3356 1036 3418 Theaet.
1061 3354 1123 3432 176
1150 3355 1186 3417 B.
1218 3353 1298 3417 Om-

64 3492 128 3534 nes
154 3471 245 3532 locos
270 3470 360 3532 dabit
384 3469 526 3549 Blaydes
551 3469 590 3530 ad
617 3469 677 3531 Ar.
705 3469 819 3531 Nubes
844 3490 874 3530 v.
902 3469 979 3546 783.
1030 3467 1068 3527 cf.
1095 3467 1136 3527 ad
1162 3470 1177 3544 ξ
1203 3483 1258 3543 41.

122 3598 174 3643 12,
223 3584 358 3639 οὔτε-
382 3582 517 3637 οὔτε-
541 3605 577 3637 τε
610 3588 645 3641 ut
677 3594 776 3657 4,51;
816 3577 936 3656 20,76;
977 3575 1116 3652 18,216;
1154 3590 1296 3656 23,137;

69 3691 186 3774 54,26.
236 3688 376 3752 Ktihner
400 3689 433 3750 II
459 3711 491 3771 p.
519 3691 644 3770 831‚3a
669 3699 701 3751 et
728 3692 862 3766 828,2a.

124 3818 174 3879 14.
223 3807 378 3876 ἡκόντων.
413 3797 519 3880 Saepe
544 3799 585 3860 de
610 3799 733 3876 reditu,
761 3803 828 3877 ut§
852 3816 887 3860 11
908 3801 1029 3855 ἕλυωοω.
1058 3795 1155 3875 6,29;
1177 3811 1297 3876 20,73;

69 3912 193 3996 50‚6o;
230 3927 341 3990 23,72.
391 3909 525 3991 Kriiger
556 3911 598 3971 ad
631 3911 717 3973 Xen.
748 3910 856 3972 Anab.
884 3926 984 3988 2,1,9.
1035 3907 1140 3987 Igitur
1165 3907 1299 3968 Dobree

66 4025 227 4112 (Advers
261 4021 312 4083 ed.
343 4021 489 4102 Wagner
522 4021 554 4082 ΙΙ
588 4043 620 4104 p.
652 4020 746 4107 168):
782 4028 896 4099 ἡκόντων
922 4023 959 4078 οὔ
985 4023 1086 4078 τούτων
1114 4017 1298 4099 praeferens

65 4136 201 4200 fallitur.

125 4245 175 4308 16.
210 4218 409 4317 ’κινατυῖμεν
439 4251 473 4305 ut
498 4253 583 4305 esset
608 4250 789 4322 κατοκώχιμοι
814 4241 874 4328 (sic
901 4239 1006 4304 Cobet
1032 4240 1073 4302 V.
1102 4239 1141 4302 L.
1167 4259 1199 4320 p.
1226 4237 1296 4323 29),

66 4358 164 4442 quod
196 4357 339 4440 explicat
373 4356 515 4418 Moeris:
550 4360 582 4412 τὸ
612 4360 807 4433 κατεσχημένον
836 4359 973 4430 ἐνέχυρον.
1018 4351 1156 4432 Legitur
1187 4358 1298 4412 autem

66 4470 161 4555 apud
187 4469 269 4532 Isae.
298 4469 386 4546 2,28.
