3008 5296
730 512 772 557 20

185 690 219 754 Si
244 692 384 774 pecunia
412 699 544 771 sumpta
568 698 618 752 est
642 699 756 754 mutua
780 692 812 752 in
838 710 939 751 unum
964 698 1090 751 tantum
1115 692 1216 753 maris
1236 712 1362 754 cursum
1396 710 1399 717 ·

137 807 275 874 (δάνεισμα
308 804 499 876 ἑτερόπλουν),
547 809 636 882 patet
681 801 773 862 senus
814 800 918 862 multo
960 801 1067 862 minus
1107 821 1199 877 esse,
1246 802 1363 865 scilicet

138 911 237 972 denas
262 909 313 971 vel
340 909 509 973 duodenas
535 913 744 981 centesimas,
772 912 926 992 quoniam
945 919 977 972 et
993 910 1177 992 periculum
1195 911 1362 974 creditoris

138 1023 245 1083 minus
270 1030 337 1094 est,
372 1029 405 1083 et
429 1023 467 1096 ii,
499 1022 618 1102 quibus
642 1024 703 1085 iter
727 1021 911 1082 laciendum
936 1030 1002 1097 est,
1029 1020 1166 1082 libenter
1191 1024 1363 1103 pecuniam

138 1152 230 1193 suam
256 1132 301 1193 ita
325 1130 503 1208 collocant,
531 1153 598 1214 quo
623 1133 708 1195 sacto
732 1153 793 1214 pro
818 1140 895 1209 ἀργῷ
921 1131 955 1193 fit
978 1138 1108 1208 ἐνεργός,
1136 1133 1271 1213 ipsique
1295 1154 1364 1215 pos·

137 1250 213 1303 sunt
237 1262 305 1303 rem
331 1261 425 1303 suam
450 1242 616 1305 custodire
640 1240 692 1326 (cf.
720 1242 864 1317 Bekker,
890 1241 1003 1304 anecd.
1031 1242 1057 1303 I.
1079 1255 1192 1320 50,17.
1217 1243 1363 1326 Harpoc.

137 1373 162 1413 S.
197 1373 227 1414 v.
260 1359 396 1428 ἐπόγδοον.
428 1373 460 1433 p.
489 1352 637 1438 252‚19).
688 1351 810 1414 Contra
836 1368 935 1432 34,23
963 1359 1038 1416 τόκος
1060 1359 1294 1427 ἀμφοτερόπλοα
1320 1362 1366 1416 est

137 1463 388 1523 centesimarum
413 1464 554 1544 triginta.
607 1464 792 1525 Maximum
818 1462 910 1544 quod
934 1470 1133 1524 memoratur
1158 1462 1254 1525 fenus
1273 1465 1364 1546 (Lys.

136 1573 173 1635 fr.
205 1572 233 1658 1)
259 1582 309 1634 est
333 1575 375 1630 ἐπὶ
396 1575 465 1646 τρισὶ
486 1581 645 1651 δραχμαῖς,
680 1575 700 1636 i.
727 1594 755 1636 e.
788 1583 954 1635 ternarum
979 1572 1210 1635 drachmarum
1235 1574 1281 1636 de
1307 1577 1366 1636 sin-

137 1684 223 1765 gulis
256 1685 350 1745 minis
384 1685 521 1765 singulis
555 1685 738 1760 mensibuS,
774 1684 826 1746 vel
851 1685 1102 1745 centesimarum
1126 1684 1264 1764 triginta
1289 1705 1365 1746 sex:

136 1815 195 1876 per
228 1793 318 1875 leges
349 1795 434 1856 enim
469 1793 587 1857 licebat
619 1794 759 1876 quodvis
792 1794 884 1856 fenus
917 1793 1023 1856 facere
1033 1815 1040 1869 ;
1076 1794 1155 1873 LyS.
1188 1775 1312 1869 l0,18:
1338 1803 1367 1853 τὸ

136 1910 265 1982 ἀργύριον
285 1911 410 1976 στάσιμον
429 1908 492 1964 εἶναι
511 1908 553 1980 ἐφ’
573 1914 662 1984 ὁπόσῳ
683 1913 714 1963 ἂν
727 1909 856 1981 βούληται
871 1912 885 1962 ὁ
899 1909 1023 1970 δανείζων
1039 1923 1057 1965 e
1075 1901 1207 1966 Solonis
1225 1904 1366 1986 legibus.

185 2036 216 2095 4.
266 2022 323 2073 ἐὰν
344 2021 379 2074 δὲ
400 2024 472 2087 μετ’
494 2019 702 2091 Ἀρκτοῦρον
727 2024 787 2078 cet.
831 2015 864 2077 Si
886 2022 962 2097 post
979 2023 1088 2076 ortum
1105 2012 1242 2076 Arcturi
1261 2017 1367 2077 evecti

137 2136 231 2189 erunt
252 2148 270 2188 e
288 2128 410 2203 Pont0,
429 2127 521 2189 fenus
538 2128 729 2209 augebitur,
749 2128 904 2208 quoniam
921 2125 1105 2206 periculum
1123 2126 1251 2188 crescit.
1280 2125 1368 2188 Vide

137 2258 222 2319 quae
255 2237 419 2299 Arcturus
448 2240 518 2320 ipse
545 2238 585 2299 de
610 2258 645 2299 se
670 2237 836 2319 praedicet
861 2236 965 2298 Plaut.
993 2234 1081 2297 Rud.
1109 2250 1171 2313 70:

254 2348 417 2410 Arcturus
442 2350 573 2430 signum
598 2369 671 2410 sum
697 2349 844 2410 omnium
868 2348 1081 2409 acerrimum:

253 2459 442 2521 Vehemens
468 2480 541 2520 sum
566 2460 735 2535 exoriens,
763 2478 839 2519 cum
864 2456 981 2519 occido
1004 2456 1241 2520 vehementior.

183 2568 322 2632 Anthol.
349 2569 414 2632 Pal.
441 2570 527 2645 VII,
554 2582 675 2650 495,1:
699 2573 812 2645 Στυγνὸς
834 2572 873 2626 ἐπ’
886 2570 1035 2645 Ἀρκτούρῳ
1049 2569 1155 2633 ναύταις
1171 2573 1266 2634 πλόος.
1285 2589 1369 2650 quo-

137 2668 213 2741 cum
238 2680 276 2742 cf.
303 2677 429 2763 (Dem.)
457 2694 544 2759 50,2.
571 2681 642 2742 Liv.
670 2695 789 2760 31,47:
816 2681 880 2741 iam
904 2678 1092 2741 autumnale
1117 2680 1369 2761 aequinoctium

137 2790 335 2852 instabat-
349 2827 393 2835 —
407 2813 469 2865 -;
496 2792 606 2872 itaque
630 2789 787 2852 hiemales
809 2799 919 2852 motus
937 2790 1075 2852 evadere
1092 2791 1282 2870 cupientes,
1304 2800 1368 2852 cet.

138 2900 191 2964 Sic
216 2901 380 2963 Arcturus
405 2922 504 2982 saepe
529 2900 640 2962 definit
664 2903 738 2963 anni
763 2910 895 2982 tempus
921 2898 1047 2984 (Thuc,
1076 2901 1172 2978 2,78;
1197 2897 1304 2982 Soph.
1326 2899 1368 2964 O.

138 3012 180 3075 R.
221 3027 305 3091 1137
340 3012 422 3095 cet);
454 3032 655 3092 quamquam
679 3013 750 3073 eius
776 3020 866 3074 ortus
892 3031 957 3072 non
982 3030 1112 3092 semper
1136 3009 1258 3071 eodem
1282 3018 1370 3072 tem-

136 3141 217 3203 pore
248 3123 393 3183 constitit
403 3144 410 3197 ;
444 3121 544 3183 alium
577 3123 663 3183 enim
697 3121 784 3183 diem
814 3123 843 3182 ei
868 3120 991 3183 addicit
1016 3119 1155 3182 Hesiod.
1183 3117 1250 3201 Op.
1281 3119 1369 3198 566,

135 3230 236 3294 alium
271 3231 495 3308 PtolemaeuS,
530 3233 624 3293 cuius
657 3233 702 3293 rei
735 3252 868 3294 causam
893 3231 1036 3313 explicat
1059 3232 1108 3292 vir
1133 3229 1253 3292 doctus
1278 3231 1372 3312 apud

137 3341 286 3404 Dindorf.
312 3340 354 3403 ad
379 3341 467 3403 hunc
491 3341 612 3404 locum.

144 3470 150 3477 ·
187 3465 215 3530 5.
264 3451 563 3534 rp“lep‹5v,apud
582 3452 698 3514 Herod
712 3447 1370 3537 4‚87rhenlmopare‘lepbvmu.Stein);

137 3561 206 3625 Cic.
232 3563 327 3625 Verr.
355 3563 422 3638 IV,
452 3563 594 3642 58,129:
622 3564 654 3625 in
679 3563 773 3625 Ponti
792 3583 849 3624 ore
866 3570 898 3623 et
915 3561 1085 3642 angustiis.
1123 3560 1236 3622 Locus
1253 3562 1372 3643 appel·

136 3673 220 3734 latus
253 3682 303 3734 est
335 3693 354 3735 a
386 3673 460 3734 fano
496 3673 583 3735 Iovis
616 3673 705 3749 Urii,
742 3694 809 3754 quo
841 3672 1037 3754 plerumque
1070 3670 1282 3755 appellebant
1310 3676 1370 3754 qui

136 3804 261 3845 merces
287 3804 305 3844 e
331 3784 435 3845 Ponto
459 3783 733 3865 transportabant.

183 3893 402 3956 Wachsmuth
428 3891 473 3977 (u.
500 3916 525 3957 S.
547 3916 579 3977 p.
600 3895 679 3981 302)
702 3895 810 3957 dicere
827 3895 981 3969 sustinet,
1000 3891 1065 3955 hoc
1080 3913 1100 3956 a
1118 3893 1247 3956 falsario
1265 3915 1370 3975 quem

135 4004 292 4067 odoratur
317 4005 529 4086 desumptum
553 4026 626 4068 esse
651 4027 670 4068 e
695 4005 769 4068 loco
795 4006 847 4068 Ps.
875 4003 1111 4066 Demosthenis
1139 4005 1250 4083 50,18.
1299 4003 1371 4068 Sed

136 4117 163 4176 si
188 4115 297 4177 locum
323 4117 522 4198 inspexeris,
549 4116 674 4180 videbis
700 4114 878 4178 incredibili
904 4116 1081 4197 sagacitate
1103 4135 1187 4197 opus
1204 4114 1306 4177 fuisse
1323 4118 1369 4179 ad

135 4225 199 4287 hoc
224 4226 300 4287 inde
325 4225 530 4288 eliciendum.

183 4334 214 4398 6.
263 4340 321 4399 τὰς
346 4340 475 4412 χιλίας.
525 4337 577 4398 De
602 4335 739 4399 articulo
764 4337 803 4399 cs.
823 4337 930 4418 Kriig.
950 4335 1095 4399 Gramm.
1118 4336 1241 4415 50,2,8.
1269 4335 1370 4398 Kuh-

135 4466 192 4507 ner
218 4445 250 4506 11
280 4459 340 4525 515
361 4465 391 4526 3.
