3008 5296
187 1945 279 2009 Edita
311 1943 368 2008 boc
395 1944 493 2008 libello
518 1966 589 2009 cum
614 1945 697 2008 uitae
720 1943 919 2008 academicae
934 1941 1016 2026 fiais
1040 1943 1146 2020 instet,
1170 1954 1268 2023 grato
1293 1965 1364 2006 cum

139 2075 246 2138 auimo
282 2075 361 2138 milu'
391 2076 557 2138 recordari
587 2075 660 2138 libet
686 2097 791 2138 omues
815 2075 998 2156 quicumque
1022 2074 1187 2154 magistri,
1214 2073 1363 2136 couum'li-

140 2215 241 2280 lones,
267 2203 389 2266 sodales
402 2204 525 2281 fuistis.

193 2331 274 2406 Tibi,
301 2331 354 2392 uir
377 2330 550 2393 doctissime
567 2350 595 2393 c.
616 2351 650 2394 M.
669 2349 862 2406 FRANCKEN,
881 2330 968 2411 quod
980 2340 1053 2391 aute
1069 2329 1152 2392 lcum
1167 2330 1250 2392 dcem
1267 2330 1363 2393 otium

139 2461 213 2522 beue
244 2459 389 2521 meritum
422 2459 567 2538 contigit,
602 2480 673 2520 mea
697 2479 794 2520 causa
818 2458 913 2520 doleo.
965 2458 1016 2520 Sit
1038 2467 1093 2519 tua
1111 2469 1229 2538 precor
1252 2458 1365 2520 vz'uidis

138 2597 292 2674 senectus,
326 2586 459 2648 caritate
486 2585 657 2665 gaudentis
687 2585 928 2665 discipulorum,
963 2606 1096 2666 quaeum
1129 2584 1245 2647 auimis
1273 2597 1364 2666 saepe

133 2715 277 2794 profecto
300 2714 384 2775 Tuae
400 2712 607 2775 leumauitatis
622 2713 729 2793 imago
745 2713 968 2776 obversabitue.
996 2713 1084 2774 lutee
1096 2734 1171 2793 quos
1185 2735 1233 2774 me
1245 2734 1363 2794 quoque

134 2841 265 2921 gratias
286 2851 407 2920 semper
438 2841 506 2903 Tibi
527 2840 708 2903 babiturum
733 2862 795 2903 esse
819 2841 978 2903 eccum'mas
995 2851 1186 2920 persuasum
1211 2840 1329 2904 babeto.

192 2969 222 3030 T
218 2990 260 3029 uo
277 2978 467 3048 praecepta,
493 2968 666 3030 doctissime
689 2969 741 3031 νίν
763 2989 786 3046 J.
805 2989 836 3032 A.
855 2987 992 3042 νννΝΝΕ,
1021 2989 1215 3049 quamquam
1232 2969 1362 3031 auribus

133 3107 255 3176 parum
287 3095 395 3172 lausi,
431 3106 535 3157 tameu
563 3097 670 3158 auimo
694 3118 743 3157 me
761 3097 951 3176 percepisse,
978 3096 1112 3175 iuspecto
1136 3095 1192 3157 leoc
1216 3097 1361 3176 opusculo

145 3223 213 3285 Tibi
240 3223 382 3302 patebit,·
419 3223 451 3284 iu
488 3244 547 3304 quo
583 3222 612 3286 si
645 3223 724 3304 quid
753 3244 815 3285 uou
846 3223 1002 3303 displicet,
1036 3223 1174 3285 studium
1207 3223 1290 3284 illud
1318 3233 1364 3285 est

139 3355 319 3424 ἀκριβείας
346 3351 431 3431 quod
452 3373 500 3412 me
530 3351 598 3413 Tibi
618 3351 727 3413 debere
752 3372 923 3431 numquam
949 3350 1123 3412 obliviscar.

185 3477 395 3558 Praecipuum
431 3498 505 3540 vero
541 3479 654 3540 lcoeum
691 3499 850 3540 ouuouum
884 3478 997 3540 bouum
1026 3487 1120 3557 puto,
1156 3477 1361 3540 illustrissime

141 3624 173 3666 Η,
200 3624 265 3666 νΑΝ
291 3625 523 3681 HERWERDEN,
549 3606 636 3687 quod
662 3608 703 3669 Te
726 3607 880 3686 magistro
906 3627 978 3668 usus
994 3627 1073 3668 sum.
1117 3605 1278 3682 Quantum
1296 3628 1361 3667 om-

140 3753 192 3793 ues
215 3743 362 3814 quotquot
393 3735 434 3796 Te
457 3734 637 3796 audiuimus
661 3745 820 3815 acceptum
845 3734 913 3795 Tibi
926 3735 1105 3809 referamus
1121 3734 1238 3795 iterare
1253 3745 1360 3814 super-

138 3881 312 3922 vacaneum
329 3871 375 3923 est
389 3883 444 3922 uec
467 3862 535 3923 Tibi
542 3862 749 3942 placiturum.
776 3863 847 3924 Hoc
864 3872 986 3923 tautum
1000 3883 1115 3940 urgere
1128 3861 1237 3938 velim,
1259 3862 1360 3924 Tuum

138 3988 312 4067 eueueplum
344 3990 411 4050 alto
444 3989 523 4051 milei
552 4000 652 4052 meute
683 3991 851 4070 repositum
876 4011 939 4052 esse
963 4010 1168 4066 mansurum,
1197 4011 1293 4071 ueque
1316 3990 1363 4052 ad

138 4115 270 4177 uilulum
303 4138 365 4179 esse
396 4139 545 4180 casuram
577 4140 646 4180 eam
673 4119 814 4180 uou'tiam
838 4140 934 4199 quom
952 4129 1015 4198 per
1045 4118 1085 4179 Te
1109 4140 1179 4180 eum
1204 4119 1266 4181 illis
1290 4139 1361 4179 cou-

138 4244 228 4306 team'
249 4244 304 4324 qui

536 4379 574 4433 ob
605 4383 749 4434 reuocat
780 4383 954 4437 lauciores.

194 4499 297 4579 Vobis,
323 4502 420 4565 amici
441 4504 698 4583 coniunctissimi,
725 4506 945 4569 commilitones
961 4505 1157 4588 fidelissimi,
1185 4527 1246 4568 uon
1264 4505 1361 4570 tristis
