3008 5296
733 518 777 580 74

707 700 722 774 t
747 711 803 773 47·

189 914 242 975 28.
291 916 344 971 zat
364 925 444 981 πῶς.
495 916 548 977 De
577 921 620 975 καὶ
640 917 844 978 adversativo
869 915 969 998 (idem
994 916 1059 977 fere
1083 916 1172 998 quod
1198 917 1303 997 ἔπειτα)
1330 919 1368 980 cf.

145 1040 265 1103 19,232
292 1026 332 1081 καὶ
352 1031 408 1100 τίς
437 1028 557 1106 20,83;
586 1028 705 1106 21,98;
735 1043 799 1087 222
825 1035 886 1088 cet.
937 1026 1059 1087 Weber
1083 1026 1126 1088 ad
1152 1043 1216 1106 23,
1245 1031 1260 1105 5
1293 1045 1367 1105 124.

141 1134 287 1195 Miitzner
319 1134 360 1196 ad
393 1135 531 1217 Antiph.
569 1151 663 1215 5‚57,
698 1147 730 1198 et
761 1137 803 1198 ad
837 1137 981 1217 Lycurg.
1016 1136 1030 1217 ξ
1070 1154 1150 1214 144,
1185 1158 1217 1218 p.
1249 1154 1318 1216 324
1342 1159 1367 1199 s.

140 1243 310 1306 Rehdantz
342 1245 384 1307 ad
410 1247 491 1326 Lyc.
520 1261 580 1327 35,
607 1256 639 1309 et
665 1247 735 1309 Ind.
763 1248 795 1308 II
821 1268 846 1308 s.
872 1269 903 1308 v.
929 1253 981 1309 καί,
1033 1247 1085 1308 De
1109 1259 1165 1311 πῶς
1191 1246 1365 1322 Gebauer:

140 1355 192 1416 De
216 1375 284 1436 arg.
311 1377 354 1417 ex
379 1366 481 1419 contr.
507 1379 537 1439 p.
571 1376 610 1438 19
636 1379 703 1440 seq.
732 1357 774 1436 76
800 1379 825 1419 S.
854 1359 918 1435 278
945 1378 971 1419 S.

188 1483 240 1546 29.
298 1472 405 1524 δεινὸν
434 1469 487 1525 καὶ
519 1474 681 1544 σχέτλιον
724 1489 822 1549 saepe
871 1469 1032 1548 iungitur:
1089 1467 1229 1548 19,146;
1283 1469 1366 1540 226;

140 1594 193 1653 20,
202 1595 213 1639 Ι
223 1576 283 1656 56;
310 1590 410 1656 40,53
424 1599 431 1640 ζ
457 1583 623 1654 σχετλιάζων
643 1581 684 1635 καὶ
705 1585 875 1638 δεινοπαθῶν.

185 1709 217 1769 p.
244 1705 358 1767 940,3.
408 1695 596 1761 ἀπάγοιντο
616 1691 662 1752 εἰς
685 1694 722 1744 τὸ
743 1694 982 1763 δεσμωτήριον
1003 1686 1093 1770 quod
1120 1688 1154 1750 fit
1178 1709 1238 1769 per
1267 1689 1368 1751 unde·

138 1800 201 1860 cim
225 1799 323 1860 viros.
375 1796 733 1877 Mei.-Schoem.-Lips.
760 1818 792 1878 p.
820 1796 898 1876 963.

188 1922 216 1987 5.
265 1915 400 1972 πείσεις
435 1907 476 1969 de
509 1915 645 1982 conatu,
681 1917 716 1968 ut
748 1927 856 1988 saepe.
892 1906 1045 1970 Schoem.
1079 1909 1121 1970 ad
1155 1909 1238 1971 Isae.
1281 1910 1367 1983 1,26.

136 2019 246 2100 Kriig.
276 2032 398 2098 53,1,7.

187 2143 215 2208 5.
265 2136 383 2203 λαβεῖν
409 2135 501 2204 δίκην
526 2130 605 2202 περὶ
632 2138 695 2186 τῶν
719 2135 741 2187 ἐ.
768 2155 790 2186 σ.
836 2129 902 2190 Hic
929 2140 1050 2208 poenas
1081 2139 1236 2209 repetere,
1273 2132 1368 2192 raris-

138 2242 222 2301 sime
240 2250 362 2318 poenas
385 2237 481 2300 dare:
509 2236 625 2299 Herod
656 2252 773 2316 1,115;
801 2239 880 2301 Eur.
908 2239 1027 2302 Bacch.
1060 2254 1156 2319 1305.
1196 2239 1289 2302 Stein
1314 2241 1366 2303 ad.

137 2350 181 2413 l.l.
215 2350 339 2410 confert
371 2355 415 2406 τὸν
441 2354 536 2418 μισθὸν
562 2353 659 2421 λαβεῖν.
705 2348 795 2410 Raro
828 2354 884 2423 δίκη
910 2354 979 2424 περί
1002 2349 1139 2431 legitur;
1169 2350 1368 2432 plerumque

136 2464 223 2534 ὑπέρ,
257 2458 347 2522 velut
372 2476 471 2539 9,44;
507 2474 626 2536 23,41;
661 2458 723 2536 46;
758 2460 796 2522 cf.
831 2459 954 2522 Frohb.
980 2460 1071 2542 App.
1097 2459 1138 2522 ad
1165 2460 1245 2540 LyS.
1279 2477 1366 2540 1,35.

138 2570 246 2633 Rehd.
272 2570 362 2652 App.
388 2569 430 2631 ad
456 2568 538 2647 Lyc.
564 2568 579 2650 ἓ
605 2588 636 2649 9.

184 2681 215 2743 6.
265 2686 357 2754 παρὰ
376 2684 455 2756 ποίᾳ
475 2685 571 2754 ἀρχῇ
590 2687 607 2754 ἢ
627 2685 659 2736 ἐν
679 2687 742 2737 τίνι
762 2688 893 2757 χρόνῳ;
913 2681 1082 2762 Frequens
1099 2689 1149 2743 est
1165 2684 1303 2744 variatio
1321 2685 1367 2744 in-

137 2800 185 2852 ter
201 2800 273 2859 ποῖος
300 2799 332 2852 et
356 2797 408 2852 τίς.
434 2788 521 2849 Vide
552 2790 668 2868 18‚311
699 2790 753 2851 ubi
780 2811 851 2852 sese
869 2792 1037 2872 excipiunt
1053 2799 1091 2856 τίς
1112 2801 1228 2872 quater
1244 2795 1366 2874 repeti-

136 2910 225 2977 tum,
252 2910 300 2962 ter
324 2907 416 2975 ποῖος,
444 2899 545 2960 semel
570 2903 628 2974 τίς,
655 2900 756 2961 semei
781 2907 872 2977 ποῖος,
898 2902 949 2963 bis
973 2909 1031 2978 τίς,
1059 2911 1091 2963 et
1114 2903 1254 2981 19,282;
1276 2921 1363 2982 342;

140 3029 252 3089 21,41.
294 3009 394 3072 Adde
419 3008 600 3071 Schneider
624 3009 665 3071 ad
691 3011 792 3073 Isocr.
825 3025 887 3090 1,5.

186 3138 216 3199 7.
266 3126 357 3194 παρὰ
387 3127 460 3184 τοῖς
492 3124 621 3180 ἕνδεκα.
670 3120 833 3184 Undecim
862 3123 921 3183 viri
947 3122 1027 3202 quid
1052 3122 1193 3184 habeant
1218 3126 1365 3186 muneris

137 3235 170 3294 in
195 3231 334 3294 dicendo
360 3233 446 3305 iure,
472 3230 548 3291 vide
572 3251 624 3311 ap.
652 3230 959 3312 Meier-Sch.-Lips
985 3253 1017 3313 p.
1046 3233 1085 3310 85
1115 3253 1183 3313 seq.

184 3364 215 3423 9.
253 3351 441 3416 κακοῦργοι
466 3362 562 3402 sensu
589 3342 725 3403 iuridico
743 3351 819 3404 sunt
835 3344 932 3405 etiam
951 3347 1364 3418 λωποδύτοι,βαλλοντιοτόμοι,

137 3457 354 3529 ἀνδροποδισταί.
381 3453 423 3515 ib.
452 3452 505 3514 86.

183 3584 215 3644 9,
265 3570 400 3639 θανάτῳ
432 3562 572 3624 articulo
597 3571 684 3624 caret
709 3550 945 3644 significatione
971 3565 1122 3646 supplicii
1148 3565 1365 3645 iunctumque

137 3696 213 3736 cum
237 3674 400 3736 vocabulo
425 3673 577 3735 iudiciali.
604 3673 642 3735 cf.
662 3673 827 3735 Proksch:
851 3674 915 3735 Die
937 3674 1134 3755 Bedeutung
1153 3695 1217 3736 von
1235 3682 1364 3741 θάνατος.

138 3784 255 3846 Philol.
283 3800 343 3863 37,
369 3805 401 3865 p.
432 3783 508 3863 306.

184 3913 215 3973 9.
253 3897 403 3969 εἰσάγειν
427 3894 558 3974 proprie
583 3891 780 3953 introducere
797 3894 828 3954 in
846 3894 1018 3969 iudicium,
1039 3903 1074 3955 ut
1090 3895 1188 3973 48,31
1212 3902 1239 3968 (ὀ
1255 3897 1363 3971 ἄρχων)

136 4007 273 4080 εἰσήγαγεν
298 4013 381 4081 (ἡμᾶς
408 4007 469 4068 τοὺς
498 4009 743 4078 ἀμφισβητοῦντος)
769 4007 807 4069 εἷς
828 4011 860 4061 τὸ
881 4012 1062 4080 δικαστήριον,
1089 4017 1210 4084 44,59;
1238 4020 1361 4082 47,24;

139 4115 191 4178 26.
249 4113 334 4176 Cum
374 4124 484 4176 autem
518 4122 533 4172 ὁ
559 4117 722 4189 εἰσαγωγεύς
757 4114 853 4175 Simul
886 4123 993 4192 ἡγεμών
1023 4115 1064 4175 sit
1100 4123 1150 4172 τοῦ
1169 4122 1361 4191 δικαστηρίου,

136 4228 297 4287 actionem
331 4226 403 4300 dat,
434 4224 521 4286 diem
546 4226 730 4300 constituit,
758 4227 886 4287 instruit
910 4226 1017 4301 litem,
1045 4234 1203 4306 curatque
1229 4234 1264 4287 ut
1289 4247 1363 4288 sen-

135 4337 236 4397 tentia
260 4335 405 4397 iudicum
431 4337 472 4396 sit
496 4344 574 4398 rata.
602 4335 962 4417 Mei-Schoem-Lips.
988 4357 1020 4417 p.
1047 4351 1088 4414 45
1117 4356 1185 4416 seq.

649 4520 850 4527 —————-
