3008 5296
813 512 855 573 26

215 712 247 765 et
272 702 347 779 Ca.,
374 702 493 765 desunt
518 705 549 766 in
574 714 686 766 nostro
712 714 891 768 contractu.
931 708 968 769 ln
993 710 1139 771 oratione
1161 709 1283 790 47,63;
1311 709 1358 789 65
1381 731 1450 773 cre·

214 813 299 874 ditor
324 814 394 895 ipse
419 835 552 875 manum
578 815 667 876 inicit
689 815 785 877 bonis
811 818 1044 899 oppigneratis

263 938 316 1000 27.
368 925 421 981 καὶ
450 930 483 981 ἐκ
513 937 576 982 τών
603 928 731 982 τούτων
758 933 912 984 ἁπάντων
939 930 991 985 καὶ
1018 934 1086 1005 έργ.
1113 931 1166 987 καὶ
1192 943 1372 990 ναυτικῶν.
1408 933 1451 988 καὶ

149 1054 153 1061 ’
213 1033 433 1096 aSchaefero
457 1037 592 1097 vertitur
619 1036 774 1117 „idque''.
810 1038 862 1098 De
886 1036 950 1100 hoc
977 1060 1037 1101 usu
1063 1042 1241 1122 particulae
1259 1041 1297 1103 cf.
1319 1041 1449 1104 Weber

212 1144 255 1206 ad
281 1144 424 1225 23,160,
452 1148 507 1226 qui
534 1146 624 1207 locos
649 1145 741 1209 affert
767 1163 844 1227 3,27
871 1157 903 1210 et
927 1150 1041 1229 48,29.
1085 1151 1170 1213 Tota
1196 1152 1294 1234 igitur
1322 1172 1378 1214 res
1404 1153 1449 1214 fa-

172 1265 175 1271 “
213 1254 345 1317 miliaris
370 1256 517 1318 subiecta
541 1266 591 1318 est
615 1256 784 1332 creditori3
812 1258 850 1321 cl.
879 1274 998 1339 33‚25;
1027 1259 1145 1340 36,50;
1175 1276 1295 1342 37,49;
1326 1262 1448 1342 45‚64.

214 1365 325 1428 Schol.
351 1366 412 1428 Ar.
438 1365 583 1428 Acharn.
610 1366 688 1445 617.
728 1368 765 1428 ln
790 1369 885 1431 inscr.
913 1370 985 1432 Wa.
1013 1371 1027 1430 I
1054 1383 1114 1448 25:
1141 1375 1239 1447 πράξει
1259 1377 1346 1447 πάσηι
1366 1376 1396 1429 ἐκ
1418 1397 1450 1429 τε

212 1488 270 1553 τώγ
294 1489 383 1534 κοινῶν
408 1490 461 1534 τών
487 1482 655 1551 Ἀρκεσινέων
681 1485 787 1554 πάντωγ
809 1481 852 1536 καὶ
873 1486 901 1537 ἐκ
922 1492 974 1538 τών
996 1484 1065 1539 ι’(λίων
1085 1494 1137 1538 τών
1158 1485 1333 1554 ’.λρκεσινέωγ
1355 1483 1398 1536 καλ
1420 1487 1450 1536 ἐκ

214 1600 266 1645 τών
295 1590 432 1645 οἰκούντων
461 1594 488 1644 έν
515 1593 659 1664 Ἀρκεσίνηι
685 1590 726 1645 καὶ
752 1593 783 1653 ἐξ
809 1595 865 1655 ἑνός
893 1596 1007 1649 ἑκάστου
1033 1596 1101 1648 (ἶπον
1126 1596 1158 1649 τὸ
1184 1595 1315 1667 ἀργύριον
1343 1593 1388 1648 καὶ
1416 1595 1450 1654 ἐξ

214 1704 347 1772 ἁπάντων,
374 1705 479 1773 τρόποι
504 1699 536 1774 grta
561 1705 591 1755 ἂν
617 1705 752 1774 ἐπίστηται
777 1696 875 1782 (quae
899 1704 1008 1765 onmia
1032 1723 1137 1784 paene
1160 1701 1202 1764 ad
1227 1701 1369 1763 verbum
1395 1722 1449 1763 re-

214 1808 315 1870 deunt
339 1808 413 1870 Wa.
441 1809 491 1884 ΙΙ,
525 1826 534 1869 1
565 1808 647 1893 seq).
687 1807 772 1871 Cum
796 1813 838 1869 ml
857 1818 914 1889 377.
935 1815 976 1869 καὶ
996 1837 1069 1871 vaur.
1095 1813 1133 1874 cs.
1160 1814 1258 1874 etiam
1283 1813 1361 1875 Wa.
1389 1812 1446 1874 II:

213 1924 294 1977 τὰ-
312 1923 469 1996 ὑπάρχοντα
489 1922 581 1996 ἔργοιο
601 1921 643 1977 καὶ
663 1924 835 1995 ὑπερπόντιο.

261 2028 344 2091 Cum
378 2031 528 2111 genitivis
561 2042 613 2088 τιον
638 2033 756 2107 τούτων,
784 2052 926 2113 quorum
949 2033 1031 2095 alter
1055 2053 1098 2094 ex
1122 2033 1226 2096 altero
1250 2033 1378 2116 pendet
1403 2033 1445 2097 cf.

213 2161 297 2222 quae
322 2141 475 2222 leguntur
505 2142 620 2220 18,45;
649 2157 768 2223 20,95;
794 2157 896 2222 45,42
924 2152 956 2206 et
974 2143 1145 2206 Rehdantz
1161 2144 1203 2207 ad
1221 2144 1308 2207 Xen.
1328 2144 1444 2207 Anab.

215 2268 243 2326 2,
251 2253 338 2331 5,38.

261 2377 314 2440 27.
364 2371 504 2440 πανταχοῦ
523 2368 589 2421 ὅπου
610 2369 641 2420 ἂν
661 2370 716 2422 ὠσι.
759 2364 874 2426 Malim
898 2365 963 2426 hoc
987 2367 1136 2448 accipere
1161 2365 1202 2427 de
1226 2365 1322 2427 bonis
1350 2365 1445 2428 debi-

211 2481 321 2534 torum
346 2494 445 2554 quam
471 2474 512 2535 de
532 2475 680 2555 personis
691 2497 698 2549 ;
718 2483 753 2537 ut
770 2477 855 2537 enim
874 2479 947 2554 §44
965 2476 1101 2557 legitur,
1120 2475 1283 2538 Phaselidi
1301 2496 1445 2557 quoque

212 2593 244 2646 et
275 2585 350 2647 alibi
384 2585 540 2647 nonnulla
572 2587 610 2646 iis
639 2594 730 2648 erant
740 2608 747 2661 ;
774 2588 805 2647 in
831 2587 868 2647 iis
893 2596 1003 2649 autem
1029 2587 1211 2649 civitatibus
1236 2586 1445 2668 quibuscum

211 2695 341 2757 loedere
366 2696 430 2757 hoc
455 2704 602 2757 sanctum
628 2706 713 2772 erat,
732 2696 867 2759 facultas
885 2706 953 2759 erat
968 2697 1227 2760 Atheniensibus
1245 2699 1443 2759 instituendi

210 2811 280 2880 δίκην
308 2811 360 2861 ἀπὸ
387 2810 542 2880 ωμβόλον;
574 2806 639 2868 tale
670 2806 786 2869 foedus
819 2829 895 2870 cum
929 2809 1009 2870 urbe
1042 2808 1204 2870 Phaselidi
1233 2809 1337 2870 ictum
1363 2809 1443 2870 vide

210 2914 299 2996 apud
325 2914 598 2979 Meier-Schoem.
625 2938 657 2998 p.
685 2917 729 2997 69
753 2938 827 2981 ann.
855 2934 908 2997 70.

259 3043 312 3105 29,
362 3032 521 3101 καθάπερ
551 3034 643 3102 δίκην
673 3033 881 3103 ὠφληκότων
910 3030 963 3086 καὶ
989 3033 1219 3104 ὑπερημέρων
1245 3032 1364 3085 όντων.
1401 3031 1441 3093 cf,

210 3137 283 3199 Wa.
319 3135 352 3211 Ι,
392 3152 449 3197 12:
483 3142 604 3212 καδάπερ
630 3143 662 3213 ἐγ
688 3142 758 3211 δίκης
789 3143 862 3202 τέλος
890 3141 1025 3215 ἐχούσης,
1059 3137 1092 3214 Ι,
1126 3152 1186 3215 27;
1215 3144 1344 3213 καθάπερ
1367 3146 1443 3224 δίκην

210 3251 371 3322 ὠφληκότων
396 3252 422 3303 ἐν
448 3257 488 3322 τῆι
507 3251 630 3323 ἔκκλητοι
650 3256 682 3309 et
709 3263 751 3328 37
762 3272 769 3310 2
796 3253 920 3322 καθάπερ
942 3253 1069 3323 ὠφληκώς
1092 3254 1168 3322 δι’κημ
1183 3250 1333 3321 Πραξικλεῖ.
1362 3250 1440 3314 Wa,

211 3357 262 3433 ΙΙ,
301 3370 336 3435 5:
373 3362 497 3431 καθάπερ
524 3362 593 3433 δίκην
620 3364 780 3434 ὠφληκότων
807 3366 833 3416 έν
860 3370 901 3434 τῆι
927 3364 1049 3435 έκκλήτωι
1075 3360 1116 3415 καὶ
1141 3363 1220 3416 όντων
1243 3363 1441 3435 ὑπερημέρων.

211 3467 262 3543 ΙΙ,
302 3481 359 3546 Ι5;
395 3475 430 3531 ὠς
462 3472 590 3542 ὠφληκώς
623 3472 692 3542 δίκην
719 3472 896 3542 ’,λλεξάνόρωι
926 3471 1036 3543 ἐξούλης
1063 3473 1090 3524 ἐν
1115 3478 1156 3542 τῆι
1180 3471 1304 3543 ἐκκλήτωι
1329 3472 1376 3526 καὶ
1404 3478 1441 3527 ὢν

210 3581 392 3653 ὑπερήμερος.
442 3577 480 3638 In
513 3578 722 3658 inscriptione
756 3578 843 3639 urbis
877 3576 1077 3640 Orchomeni
1108 3597 1206 3658 quam
1232 3577 1363 3640 laudavi
1395 3600 1440 3641 ex

211 3686 327 3750 Caueri
358 3687 504 3763 delectu,
532 3689 648 3749 iterum
675 3690 860 3769 iterumque
883 3710 913 3751 v.
946 3702 1003 3768 15;
1033 3707 1094 3768 33;
1123 3705 1183 3768 23;
1212 3705 1272 3767 34;
1299 3702 1341 3766 45
1373 3699 1438 3753 cet.

209 3820 317 3862 sermo
351 3808 400 3861 est
432 3798 473 3860 de
507 3800 727 3861 instrumentis
761 3820 845 3881 quae
878 3804 1059 3873 ὑπεραμερίαι
1095 3807 1263 3861 vocantur.
1313 3797 1440 3863 Omnia

208 3911 290 3973 haec
323 3918 538 3972 concurrunt:
573 3912 633 3972 nisi
667 3912 720 3972 die
752 3913 943 3993 praestituta
976 3910 1134 3972 solvendo
1167 3918 1254 3971 esset
1286 3909 1436 3988 debitor,

209 4023 390 4102 evestigio
416 4023 498 4082 mitti
523 4030 651 4102 poterat
676 4024 708 4083 in
733 4025 803 4084 eius
827 4023 930 4099 bona,
955 4042 1020 4083 non
1038 4030 1211 4104 expectata
1227 4022 1344 4083 iudicis
1363 4043 1438 4084 sen·

208 4134 322 4206 tentia,
347 4131 483 4213 perinde
508 4152 546 4193 ac
567 4134 592 4193 si
610 4134 715 4194 victus
733 4134 854 4195 iudicio
871 4154 936 4195 non
954 4133 1104 4194 solvisset
1120 4131 1310 4195 iudicatum.
1338 4133 1438 4195 Haec

208 4263 343 4324 quoque
376 4244 461 4304 actio
494 4253 629 4304 vocatur
661 4249 717 4318 δίκη
744 4247 854 4318 ἐξούλης
888 4242 1137 4305 Mei-Schoem.
1163 4264 1195 4324 p.
1224 4260 1301 4322 223.
1352 4244 1437 4307 Inde

208 4356 316 4436 ipsum
341 4373 462 4415 nomen
487 4355 691 4416 instrumenti
716 4355 805 4436 apud
831 4352 995 4417 Cauerum
1020 4363 1070 4416 est
1087 4355 1285 4430 derivatum,
1304 4374 1348 4415 ex
1366 4376 1436 4436 quo

208 4466 403 4528 creditorem
428 4486 494 4528 non
519 4465 691 4548 oportebat
715 4476 789 4529 ante
816 4474 1003 4545 αἀαιτεῐοναι,
1031 4476 1067 4528 ut
1088 4466 1212 4548 alioqui
1237 4472 1307 4528 erat
1321 4486 1437 4529 neces—
