3008 5296
733 486 777 566 76

185 683 278 745 Idem
303 703 329 744 s,
354 705 385 745 v.
412 688 666 755 ἀπροστασιόυι
687 683 756 746 εἶδος
780 687 850 756 δάος
867 687 934 739 κατὰ
948 691 1000 739 τῶν
1014 690 1168 758 προστάτην
1182 690 1220 759 μὴ
1235 690 1369 753 νεμόντων

137 798 271 864 μετοίκων.
298 792 580 873 Mei.-Sch.-Lips.
607 812 638 872 p.
667 792 733 871 389
759 812 785 853 s,
812 791 941 853 Platner
966 792 998 852 II
1025 813 1056 873 p.
1085 807 1125 870 75
1154 813 1180 853 s.

189 916 239 982 15.
290 903 343 965 De
366 928 404 978 γε
429 904 461 964 in
486 903 698 984 responsione
724 900 863 962 Kiihner
889 901 921 962 II
947 922 979 982 p.
1008 917 1120 981 734‚4.

189 1012 239 1075 16.
288 1020 486 1090 στρατηγοί
511 1049 543 1059 -
572 1015 829 1088 τριηραρχούς.
887 1009 1168 1094 Mei.·Sch.·Lips.
1207 1033 1241 1094 p.
1285 1030 1366 1089 112,

136 1122 224 1185 Ann.
254 1141 337 1202 217,
365 1133 397 1185 et
421 1144 453 1204 p.
485 1140 558 1184 121.
585 1122 623 1184 cf.
652 1123 747 1202 39,8:
774 1128 830 1179 τίνα
856 1125 906 1179 δὀἱ
924 1125 1071 1198 στρατηγοὶ
1091 1131 1190 1198 τρόπον
1210 1130 1366 1200 ἐγγράφου-

135 1255 174 1289 σιν
193 1240 224 1289 ἂν
243 1237 280 1299 εἰς
302 1238 454 1307 συμμορίαν
473 1239 642 1308 ἐγγράφωσιν
662 1239 678 1306 ἢ
699 1239 729 1288 ἂν
749 1240 917 1308 τριήραρχον
938 1239 1107 1302 radiorum

151 1418 153 1422 .
188 1343 238 1406 16.
287 1348 475 1402 ὑπόλοιπόν
494 1349 586 1400 ἐστιν
606 1347 858 1418 οῖστρατηγοί.
878 1342 917 1404 cs.
945 1345 1060 1423 19,18:
1084 1353 1170 1403 ταῦτα
1192 1348 1244 1419 δ’ἦν
1269 1347 1364 1410 Φωκεῖς

135 1457 176 1511 καὶ
199 1457 291 1514 Πύλαι,
324 1453 384 1515 Ar,
403 1453 536 1514 Thesm,
557 1470 612 1515 21:
631 1453 685 1509 οἷόν
699 1458 730 1510 τί
738 1459 796 1511 που’
811 1477 865 1510 στιν
879 1458 909 1511 αἶ
923 1456 1004 1530 σοφαὶ
1018 1459 1157 1518 Ξυνουσίαι.
1183 1455 1290 1536 VeSp.
1313 1457 1363 1533 58.

134 1564 239 1626 Thuc.
274 1562 406 1642 4,26,3;
443 1564 539 1642 8,93;
575 1560 742 1623 Heindorf
767 1562 809 1624 ad
842 1563 888 1625 Pl.
916 1563 1061 1644 Enthyd.
1089 1581 1154 1643 302
1182 1562 1228 1638 C;
1256 1564 1363 1646 Kriig.

135 1673 192 1737 Gr.
219 1673 308 1753 63,6.
344 1673 420 1735 Non
446 1672 586 1734 multum
607 1671 705 1734 distat
722 1671 855 1735 schema
874 1673 965 1754 quod
982 1683 1117 1736 vocatur
1135 1675 1363 1751 Pindaricum,

135 1785 177 1847 de
210 1804 277 1865 quo
310 1784 348 1845 cf.
377 1782 580 1845 Herwerden
604 1783 645 1844 ad
672 1782 750 1846 Eur.
778 1783 838 1845 Ion
868 1783 963 1861 1146.
1014 1785 1105 1847 Patet
1130 1805 1173 1846 ex
1199 1786 1365 1868 exemplis

135 1895 291 1970 laudatiS,
327 1893 405 1956 nihil
438 1913 523 1975 opus
549 1913 621 1955 esse
646 1893 765 1956 lineola
793 1901 869 1974 post
892 1900 978 1970 ἐστίν,
1005 1916 1071 1975 qua
1096 1895 1254 1956 Reiskius
1285 1896 1366 1956 indi-

135 2027 209 2068 care
233 2005 303 2067 vult
319 2005 528 2087 aposiopesin
546 2004 725 2088 quandam,
749 2025 825 2066 curn
846 2013 955 2069 orator
976 2005 1103 2069 dubitet
1124 2004 1205 2090 quid
1221 2005 1366 2069 adicien-

136 2117 215 2178 dum
241 2117 292 2178 sit.

650 2383 848 2392 ———-

700 2582 715 2655 i
740 2595 796 2656 49·

190 2815 239 2876 17.
290 2799 368 2860 Post
391 2797 641 2880 hypophoram,
669 2800 761 2879 quasi
786 2818 903 2859 scenae
927 2798 1107 2871 actionem,
1127 2796 1276 2877 sequitur
1295 2818 1366 2859 ora-

136 2913 216 2972 toris
249 2910 444 2985 confutatio,
479 2910 611 2971 inducta
643 2930 701 2992 per
733 2915 781 2985 σέ,
817 2916 853 2970 ut
888 2926 1008 2989 23,93;
1046 2920 1167 2985 20,105
1199 2907 1252 2969 vel
1279 2914 1364 2984 ἀλλά,

138 3021 227 3102 quod
253 3020 372 3102 legitur
399 3022 491 3099 8,51;
520 3038 615 3097 21,41
642 3029 703 3082 cet.
730 3020 768 3082 cf.
797 3019 967 3098 Majewski
993 3039 1024 3080 u.
1051 3039 1077 3080 s,
1103 3038 1135 3099 p.
1163 3035 1213 3080 10.

190 3133 239 3194 18.
273 3136 423 3205 ἔμπορος
443 3132 564 3212 estqui
582 3150 640 3211 per
658 3131 755 3192 urbes
772 3129 858 3191 ultro
875 3131 1023 3210 citroque
1036 3136 1214 3203 commeat,
1233 3134 1364 3204 πλανήτης

137 3244 179 3298 ἐπὶ
200 3247 246 3306 τὰς
269 3246 374 3317 πόλεις,
403 3250 438 3303 ut
461 3243 505 3302 ait
530 3241 622 3302 Plato
647 3240 688 3302 de
715 3241 799 3321 Rep.
826 3240 859 3301 ΙΙ
884 3255 944 3319 371
971 3239 1013 3301 D.
1053 3238 1144 3319 Quid
1169 3239 1294 3299 intersit
1319 3238 1366 3298 in-

137 3336 186 3415 ter
218 3351 279 3413 hos
310 3361 507 3414 mercatores
532 3359 564 3413 et
589 3372 646 3412 eos
671 3350 821 3412 homines
847 3351 902 3431 qui
927 3349 1064 3411 audiunt
1089 3355 1218 3424 κάπηλος,
1239 3354 1366 3424 raresta-

138 3468 235 3537 πηλος,
265 3465 432 3535 μεταβολεύς
467 3460 578 3544 (Dem.
616 3460 730 3546 25‚46)
760 3460 891 3522 docebit
915 3457 1200 3533 Buchsenschutz,
1228 3458 1303 3520 Bes.
1333 3480 1364 3520 u.

139 3574 226 3636 Erw.
253 3595 285 3654 p.
312 3587 380 3652 454
406 3594 431 3635 s.

191 3703 240 3764 19·
290 3688 363 3749 ἑνὸς
392 3695 456 3741 των
481 3689 650 3757 ἐμπόρων.
694 3682 835 3744 Accedit
859 3683 896 3746 εἷς
923 3682 964 3743 ad
990 3680 1259 3763 significationem
1289 3701 1366 3762 pro·

138 3795 278 3857 nominis
307 3797 363 3870 εἰς,
396 3814 461 3875 qua
485 3795 667 3875 posteriore
692 3801 796 3854 aetate
823 3791 1050 3873 usurpabatur.
1076 3791 1115 3853 cf.
1142 3790 1296 3853 Schoem.
1322 3791 1366 3852 ad

138 3905 221 3968 Isae.
257 3922 345 3986 3,37.
396 3906 507 3966 Locus
540 3925 618 3966 vero
643 3924 742 3985 quem
768 3905 861 3979 citat,
889 3903 975 3965 Xen.
1004 3903 1104 3964 Mem.
1134 3918 1246 3982 3‚3,12
1272 3901 1366 3963 aliter

139 4016 359 4091 Schneider0,
393 4016 509 4077 editori
543 4012 792 4096 XenophontiS,
819 4013 1035 4095 explicandus
1059 4013 1205 4088 videtur,
1237 4013 1289 4072 cui
1314 4032 1366 4073 as-

139 4129 269 4190 sentior.
304 4128 343 4189 cf.
374 4147 452 4188 vero
478 4125 631 4188 Schaefer
656 4124 782 4206 Appar.
810 4124 860 4184 IV
884 4145 916 4205 p.
943 4122 965 4184 6
990 4123 1044 4206 (ad
1069 4144 1102 4204 p.
1128 4122 1215 4204 619,
1241 4144 1271 4184 v.
1299 4123 1364 4203 10).

189 4257 239 4301 21,
288 4240 808 4312 πιιῖδεῑεῐσελι9εῖντῆνόίκην·
845 4234 964 4297 Utrum
990 4234 1114 4296 Aecus.
1136 4240 1181 4308 τὴν
1201 4240 1269 4307 δίκην
1285 4253 1367 4314 pen-

140 4352 214 4411 deat
247 4370 265 4411 a
298 4357 342 4408 oe?
369 4370 409 4411 an
441 4348 482 4411 ab
517 4350 644 4405 εἰσελθεῖν
670 4367 735 4408 non
760 4346 880 4427 liquet;
907 4352 1002 4427 potes
1026 4346 1113 4406 enim
1138 4344 1245 4405 dicere
1269 4353 1287 4420 ἡ
1308 4352 1367 4421 δίκη

139 4465 307 4540 εἰσέρχεται,
327 4470 363 4523 ut
378 4462 493 4538 21‚78;
515 4461 632 4540 34,18;
651 4468 683 4521 et
699 4461 860 4536 εἰσέρχομαι
880 4460 966 4532 δίκην,
985 4464 1021 4517 ut
1036 4454 1128 4532 21,6;
1144 4471 1233 4533 34,I;
1250 4455 1366 4533 28,17.
