3008 5296
276 1031 329 1076 20,
371 1017 542 1087 βούλομαι
561 1017 618 1072 οὖν
638 1021 782 1072 ἀκοῦσαι
801 1017 886 1081 ὑμᾶς
908 1024 1053 1087 πρῶτον,
1079 1015 1249 1080 Transitus
1265 1020 1456 1082 tritissimus

227 1125 320 1185 cuius
353 1122 506 1206 exempla
538 1123 671 1205 collegit
704 1120 872 1199 Gebauer,
907 1123 1064 1206 Append.
1095 1126 1137 1188 ad
1162 1128 1243 1208 LyS.
1269 1150 1305 1211 p.
1338 1142 1402 1211 295
1429 1138 1456 1192 et

229 1252 314 1312 2073
340 1255 400 1317 pro
426 1255 493 1316 quo
519 1234 682 1297 interdurn
706 1232 856 1315 Antipho
882 1244 1017 1317 usurpat
1041 1236 1178 1299 verbum
1195 1243 1300 1316 ἐθέλω,
1321 1240 1363 1302 cf.
1382 1239 1455 1302 ibid.

226 1344 317 1407 Alibi
344 1344 377 1408 fit
401 1365 460 1427 per
483 1349 616 1419 βούλομαι
636 1349 665 1401 δὲ
685 1346 726 1402 καὶ
753 1359 814 1424 37,
840 1358 903 1423 45;
930 1360 992 1423 47,
1025 1348 1063 1409 18
1091 1356 1152 1411 cet.
1177 1351 1255 1422 βούλ.
1277 1356 1313 1425 δὴ
1334 1354 1379 1409 καὶ
1401 1367 1454 1426 21,
1493 1324 1496 1419 l

228 1471 288 1534 77,
315 1460 343 1526 β.
364 1458 409 1512 οὖν
433 1473 495 1535 43,
525 1473 586 1535 313
612 1457 674 1533 48,
707 1472 762 1531 11,
788 1454 840 1516 vel
860 1459 888 1527 β.
908 1460 992 1512 τοίνυν
1009 1458 1100 1538 quod
1116 1458 1204 1541 apud
1226 1458 1342 1522 solum
1361 1462 1455 1524 Dem.
1494 1488 1496 1505 =

225 1565 277 1628 vel
311 1567 362 1627 Ps.
391 1566 488 1628 Dem.
515 1568 673 1648 reperitur
701 1583 761 1644 24,
790 1582 874 1640 212,
901 1564 987 1630 alibi.
1029 1567 1116 1630 Vide
1141 1571 1239 1631 etiam
1265 1570 1395 1634 Weber
1418 1573 1456 1635 ad

226 1676 386 1738 Aristocr.
413 1696 444 1757 p.
474 1692 551 1757 337.
594 1676 647 1737 De
671 1675 830 1759 particula
854 1679 899 1734 οὐν
924 1678 955 1738 in
980 1680 1115 1741 transitu
1142 1678 1250 1743 Rehd.
1278 1680 1356 1744 Ind.
1382 1703 1409 1745 s.
1426 1705 1452 1745 v.

275 1805 328 1850 21.
378 1797 435 1860 τῆς
467 1796 672 1863 συγγραφῆς
706 1793 847 1844 ἀκούσαι
879 1787 917 1850 cf.
944 1806 982 1867 9,
1014 1806 1078 1867 42:
1104 1795 1135 1846 τί
1150 1794 1219 1864 λέχει
1238 1793 1274 1845 τὰ
1292 1795 1455 1864 γράμματα.

227 1899 372 1979 Lycurg.
405 1914 468 1974 124
492 1897 607 1957 etiam:
634 1896 767 1966 βούλομαι
786 1907 831 1972 τῆς
853 1902 947 1973 στήλης
970 1905 1079 1957 ἀκοῦσαι
1099 1901 1178 1968 ὑμᾶς.

276 2025 329 2086 23,
379 2008 682 2078 πρῶτον-ἔπειτα
714 2002 803 2066 nulla
831 2004 989 2086 particula
1018 2005 1228 2083 adiunctum,
1261 2025 1296 2084 1,
1331 2026 1372 2071 12
1384 2032 1392 2085 ;
1417 2008 1452 2072 cf.

227 2135 290 2196 42,
320 2134 381 2197 25,
407 2117 470 2194 48,
499 2132 560 2194 33;
587 2113 669 2176 Isae.
698 2132 735 2194 3,
765 2128 822 2194 53,
849 2123 881 2177 et
906 2115 985 2176 inira
1008 2115 1050 2177 ad
1076 2119 1091 2195 §
1115 2134 1169 2196 33.

277 2246 329 2308 23.
380 2229 548 2300 περὶτῶν
575 2229 684 2282 ἄλλων
708 2229 933 2295 ἐπιδείξομεν
967 2235 1002 2288 ut
1035 2245 1098 2306 43,
1130 2228 1188 2301 18;
1217 2242 1279 2305 27,
1312 2246 1367 2293 12,
1417 2230 1452 2294 cs,

229 2340 382 2402 Schoem.
408 2336 450 2399 ad
474 2336 557 2397 Isae.
584 2333 624 2410 6,
651 2333 691 2413 65
720 2355 753 2416 p.
782 2350 858 2414 245.
886 2337 1056 2400 Rehdantz
1073 2338 1115 2400 ad
1133 2339 1215 2419 Lyc.
1234 2338 1291 2419 65.
1320 2339 1453 2405 Schnei-

228 2450 286 2512 der
310 2449 352 2512 ad
378 2449 479 2509 Isocr.
506 2464 544 2525 9,
577 2462 626 2507 12.
654 2443 746 2506 Plato
772 2445 919 2527 Euthyd.
948 2447 1061 2527 274A
1085 2452 1246 2511 ἐπιδείξοντε
1260 2451 1303 2506 καὶ
1317 2455 1454 2516 διδάξοντε

230 2553 278 2622 ut'
300 2576 485 2640 synonyma
521 2557 709 2636 iunguntur.
760 2553 872 2618 Stallb.
910 2557 951 2619 ad
987 2558 1032 2622 Pl.
1069 2557 1172 2638 Hipp.
1208 2556 1288 2620 Mai.
1327 2557 1453 2623 28613:

227 2677 320 2729 τοῦτον
353 2675 396 2726 τὸν
430 2672 507 2742 λόγον
539 2668 714 2739 ἐπεδειξάμην
747 2666 788 2722 καὶ
820 2671 909 2735 μέλλω
941 2670 1115 2725 ἐπιδεικνύναι.
1171 2665 1257 2729 Cum
1291 2669 1455 2733 adlectlvo

228 2781 365 2841 ἀποδεῖξαι
398 2796 532 2858 quoque
564 2774 628 2855 legi
654 2782 764 2855 potest
773 2797 780 2850 ;
807 2795 914 2856 neque
939 2785 989 2839 est
1014 2797 1072 2838 cur
1097 2776 1211 2840 Stallb.
1238 2787 1348 2842 mutet
1377 2781 1456 2844 Plat.

229 2884 360 2949 Charm,
394 2909 426 2970 p,
466 2888 547 2966 158,
571 2885 602 2946 D
629 2885 740 2957 Κριτίαν
760 2891 836 2941 τόνδε
856 2893 943 2962 ψευδῆ
963 2892 1104 2951 ἀποδείξω.
1129 2888 1167 2950 cf.
1194 2908 1281 2970 quae
1307 2890 1457 2955 Miitzner

227 2997 330 3058 adfert
354 2997 396 3059 ad
420 2996 559 3079 Antiph.
587 2995 647 3056 IV.
673 2999 699 3066 β.
725 3009 756 3072 7.

277 3123 330 3185 24.
379 3109 673 3182 ἐτοιχωρύχησαν
698 3112 733 3165 ut
757 3118 801 3181 47
828 3107 1030 3181 τοιχωρύχους.

275 3219 386 3294 οῦτοι,
414 3236 497 3277 unus
522 3222 631 3275 tamen
653 3214 803 3276 Lacritus
819 3213 928 3291 adest,
947 3215 1131 3279 Artemone
1148 3227 1295 3295 mortu0,
1313 3221 1459 3305 Apollo-

229 3326 309 3388 doro
341 3327 493 3400 absente;
524 3325 582 3386 sed
607 3344 763 3386 numerus
788 3323 922 3406 pluralis
948 3326 1175 3408 complectitur
1198 3327 1378 3394 factionem
1403 3334 1458 3396 ad-

226 3423 454 3512 versariorum,
505 3434 641 3497 Pluralis
667 3435 708 3496 de
730 3455 795 3497 uno
812 3434 998 3516 eodemque
1015 3446 1145 3499 mortuo
1162 3438 1297 3502 homine
1313 3440 1457 3526 Antiph.

229 3548 273 3610 ll.
298 3554 325 3620 β.
354 3566 388 3610 11
404 3570 411 3623 ;
430 3567 529 3629 saepe
546 3548 643 3608 etiam
660 3566 679 3607 a
696 3544 852 3627 singulari
869 3549 1023 3609 transitur
1039 3547 1080 3609 ad
1098 3548 1268 3630 pluralem.
1297 3549 1456 3618 Schoem.

228 3658 270 3719 ad
294 3658 376 3721 lsae.
408 3675 465 3732 11,
498 3659 555 3731 18;
583 3655 695 3718 Stallb.
721 3655 762 3717 ad
788 3655 834 3718 Pl.
862 3656 998 3720 Phaedr.
1025 3678 1056 3739 p.
1085 3675 1168 3738 231,
1196 3659 1239 3722 A.

278 3783 331 3847 25.
381 3772 477 3843 λέχες
501 3766 616 3842 recz'ta,
636 3768 688 3827 cui
706 3766 869 3827 interdum
886 3765 1087 3848 pleonastice
1103 3768 1240 3831 verbum
1257 3777 1460 3848 ἀναχαοωωιεο

228 3879 375 3942 adicitur.
402 3877 532 3942 Schaef.
558 3877 649 3959 App.
677 3876 755 3940 Crit.
781 3876 814 3937 ll
840 3897 872 3958 p.
902 3880 985 3956 378,
1012 3879 1054 3940 ad
1084 3881 1140 3955 18,
1170 3892 1247 3959 305.
1286 3880 1383 3945 Raro
1401 3904 1459 3967 per

228 4011 264 4052 se
288 3992 420 4073 ponitur
445 3994 503 4065 λέγε
529 3991 560 4050 in
585 3988 786 4050 orationibus
811 3990 961 4069 genuinis
981 3989 1040 4068 36,
1063 3990 1123 4068 56,
1143 3992 1204 4066 28,
1229 4008 1287 4066 11;
1312 4009 1352 4054 12
1365 4016 1374 4070 ;
1400 4013 1458 4076 13;

228 4099 324 4183 (Sigg
357 4122 388 4163 u.
422 4121 448 4161 S.
481 4120 513 4181 p.
547 4098 646 4181 431);
676 4099 872 4180 plerumque
896 4098 1026 4160 additur
1051 4104 1157 4176 λαβών,
1184 4100 1373 4185 diciturque
1400 4112 1459 4163 ἁνα-

228 4214 355 4286 χίχνωσκε
375 4215 478 4282 λαβών,
500 4214 580 4282 λαβέ,
601 4213 667 4281 λαβὲ
687 4211 728 4264 καὶ
749 4216 822 4284 duay.
848 4207 915 4292 (De
940 4209 1141 4272 orationibus
1158 4211 1298 4293 publicis
1315 4214 1397 4277 vide
1413 4224 1460 4279 ta-

228 4318 339 4381 bulam
363 4340 416 4401 ap.
442 4318 601 4380 Duncker
625 4339 656 4400 p.
683 4317 728 4403 9).
780 4317 927 4381 Orationi
954 4320 1102 4382 Lvsslae
1122 4323 1274 4403 proprius
1296 4333 1348 4385 est
1366 4326 1461 4388 addi-

228 4439 282 4495 tus
307 4431 447 4494 Dativus
476 4429 614 4492 Ethicus
640 4434 654 4509 ξ
686 4445 739 4509 17,
772 4448 829 4512 19,
858 4447 918 4508 22,
947 4431 1008 4508 26,
1037 4433 1091 4495 28.
1142 4431 1319 4514 Lycurgus
1344 4444 1461 4500 autem
