3008 5296
663 536 697 579 11

52 716 159 778 Dem.
196 731 256 791 21,
292 716 353 792 78;
390 731 451 793 23,
487 712 550 793 65;
586 730 647 792 24,
679 730 736 788 11;
765 728 825 793 37,
853 730 892 788 4;
922 725 981 791 54,
1013 729 1052 791 3,
1079 686 1176 773 Plura
1200 710 1290 772 dabit

53 824 214 887 Gebauer
237 825 278 888 ad
305 825 384 905 Lys.
416 841 473 903 12,
502 841 532 904 3.
1301 841 1305 847 ’

106 957 140 1017 p.
166 948 251 1015 925,
284 953 311 998 1.
360 941 550 1010 Διοφάντου
572 969 605 1010 v--
627 937 891 1009 ιοῡΣφηττιόο.
931 932 998 1013 Qui
1019 934 1068 995 vir
1085 952 1183 1014 saepe
1200 931 1288 1012 apud

54 1047 159 1109 Dem.
192 1044 370 1107 honorifice
403 1053 697 1107 commemoratur:
740 1062 799 1125 19,
836 1058 920 1124 297:
954 1045 1044 1101 πολλοὶ
1070 1048 1136 1115 παρ’
1162 1044 1222 1110 ὑμῖν
1247 1042 1289 1097 ἐπὶ

53 1169 158 1232 καιριῦν
176 1163 311 1232 γεγόνασιν
331 1161 458 1234 ἰσχυροί,
478 1158 699 1229 Καλλίστρατος,
719 1158 793 1219 αὖθις
815 1157 996 1229 Ἀριστοφῶν,
1014 1158 1291 1226 Διόφαντος---,

55 1272 127 1326 ἀλλὰ
146 1275 199 1325 ποῦ
218 1270 319 1324 τούτων
338 1271 447 1333 ἕκαστος
468 1273 635 1342 ἐπρώτευεν,
655 1271 681 1323 ἐν
695 1273 732 1340 τῷ
747 1272 822 1342 δήμῳ
834 1290 839 1302 ·
851 1271 876 1321 ἐν
891 1268 921 1321 δὲ
934 1270 987 1328 τοῖς
1005 1266 1182 1336 δικαστηρίοις
1199 1263 1286 1324 οὐδείς

55 1403 110 1438 πο.
135 1378 174 1440 cl.
202 1395 264 1453 20,
296 1393 377 1457 1373
409 1395 466 1458 19,
495 1376 556 1453 86;
588 1378 669 1456 1983
696 1376 779 1438 Isae.
808 1393 844 1454 3,
875 1391 928 1436 22.
978 1373 1022 1434 A.
1050 1371 1193 1434 Schaler.
1220 1370 1287 1431 De-

55 1488 180 1551 mosth.
208 1510 239 1551 u.
266 1489 354 1550 seine
379 1483 479 1550 Zeit.²
500 1480 605 1566 1885,
633 1487 647 1548 Ι
673 1507 705 1568 p.
726 1499 802 1565 205.
827 1484 863 1548 C.
878 1485 904 1547 l.
919 1484 962 1547 A.
983 1483 1015 1544 11
1038 1496 1089 1562 50.
1116 1480 1227 1544 Schol.
1246 1480 1288 1542 ad

56 1597 184 1661 Aesch.
219 1616 257 1678 3,
294 1615 346 1676 24.
397 1598 487 1660 Bene
519 1599 619 1679 igitur
642 1617 678 1659 se
702 1596 801 1658 habet
826 1595 906 1657 illud
930 1599 1047 1669 ἐκείνου,
1075 1612 1221 1674 quocum
1247 1591 1286 1653 ef.

57 1709 159 1772 Dem.
187 1726 224 1785 2,
257 1727 315 1789 193
348 1727 384 1789 3,
414 1725 475 1785 21;
507 1710 565 1784 18,
594 1725 679 1788 219;
708 1725 768 1783 21,
795 1706 838 1768 62
866 1714 927 1768 cet.
954 1702 1022 1788 (ubi
1048 1723 1178 1785 semper
1198 1710 1288 1784 post-

56 1821 192 1902 ponitur
216 1817 362 1905 nomini).
459 1816 462 1825 '
822 1801 824 1807 ’

108 1946 137 1992 2.
187 1931 240 1987 καὶ
260 1932 478 1995 Μελάνωπος.
524 1929 686 2011 Harpocr.
713 1949 791 1991 s,v.:
829 1932 991 2002 Δημοσθένης
1013 1931 1070 1982 κατ’
1091 1927 1287 1997 Ἀνδροτίωνος·

56 2045 185 2115 κηδεστὴς
214 2043 359 2112 Διοφάντου
385 2046 434 2096 τοῦ
458 2046 586 2116 ῥήτορος.
636 2039 798 2100 Memoria
822 2045 933 2099 autem
958 2035 1070 2115 lapsus
1095 2041 1164 2094 est:
1190 2030 1287 2093 vehe-

56 2156 186 2252 menter
209 2149 242 2209 in
267 2149 413 2209 oratione
437 2154 504 2207 κατὰ
535 2151 721 2223 Τιμοκράτους
748 2148 908 2210 laceratur
937 2144 1000 2208 126
1026 2166 1051 2207 s.
1102 2144 1154 2205 De
1180 2163 1220 2203 eo
1245 2141 1286 2204 cf.

58 2256 193 2320 Schafer
226 2278 259 2347 u.
284 2277 310 2320 s,
337 2257 352 2318 1
383 2272 445 2340 71;
482 2258 548 2338 364
573 2278 642 2340 seq.
693 2259 797 2340 Igitur
822 2266 932 2320 noster
959 2255 1173 2336 Melanopus,
1202 2253 1286 2315 filius

57 2366 259 2449 Diophanti,
285 2369 556 2461 nomen-accepit
579 2368 620 2431 ab
644 2368 818 2432 avuncule.

108 2493 138 2538 2.
189 2475 313 2538 Reiske
345 2486 421 2559 post
452 2485 594 2555 ἐπιτήδειοι
626 2479 749 2541 mavult
777 2499 902 2562 ponere
925 2484 997 2554 γάρ,
1025 2485 1057 2538 et
1081 2474 1162 2537 haec
1187 2474 1286 2536 verba

57 2607 165 2668 usque
189 2586 232 2649 ad
256 2589 330 2646 οῦτοι
353 2608 383 2650 ν.
405 2606 421 2668 3
441 2589 626 2670 parenthesi
644 2589 820 2652 includere.
855 2588 921 2651 Sed
937 2589 1022 2650 bene
1040 2585 1080 2649 G.
1101 2586 1146 2648 H.
1165 2584 1286 2646 Schae-

56 2699 105 2760 fer
129 2705 258 2773 monet,
284 2696 366 2760 haec
391 2705 570 2773 ἀφελέστερον
594 2701 701 2763 vincta
725 2721 816 2775 esse,
843 2708 875 2760 et
900 2719 972 2762 esse
998 2696 1077 2759 illud
1095 2708 1140 2771 τῆς
1157 2701 1284 2771 φράσεως

57 2813 189 2877 ἀνειμένον
221 2807 262 2868 de
294 2828 361 2889 quo
395 2808 433 2870 cf.
466 2809 609 2890 Argum.
643 2832 675 2892 p.
710 2827 795 2891 923,
836 2826 886 2873 12.
936 2808 1022 2870 Tum
1055 2807 1202 2889 pergitur
1227 2823 1311 2885 per*

56 2919 135 2982 οὗτος
148 2940 155 2992 ;
180 2918 256 2980 vide
282 2902 518 2982 Rehdantz'ad
544 2921 629 2984 Xen.
648 2921 756 2984 Anab.
777 2938 814 3000 7,
837 2940 873 3002 3,
900 2919 949 2983 16.
987 2919 1104 2981 Ameis
1121 2916 1161 2979 ad
1182 2916 1283 2977 Hom.

57 3044 98 3102 0,
125 3045 205 3106 417.

108 3155 138 3216 3.
180 3146 221 3202 ὡς
246 3140 373 3197 οἷόντε
398 3160 426 3202 c.
453 3138 582 3221 Superl.
609 3150 645 3203 ut
669 3143 733 3219 48,
762 3158 799 3218 2,
826 3140 865 3216 6,
892 3158 955 3220 43,
984 3156 1037 3220 32.

109 3261 138 3324 5.
177 3254 304 3306 ὁπόθεν
324 3255 851 3329 ὃήποτεέγνωρισμέννιτούτῳ.
877 3252 930 3313 De
948 3251 1069 3312 DathO
1087 3248 1125 3310 cs.
1144 3247 1284 3325 ad§41.

56 3355 142 3418 Isae.
182 3374 239 3433 11,
272 3370 328 3436 15:
359 3360 447 3428 οἴομαι
466 3365 494 3417 ἐκ
514 3372 567 3418 τῶν
587 3364 731 3436 εἰρημένων
751 3369 938 3438 γιγνώσκεσθαι
957 3365 1018 3430 ὑμῖν
1039 3364 1128 3417 ὅτι-.
1176 3357 1286 3419 Habe-

56 3486 133 3528 mus
158 3465 211 3528 hic
237 3476 272 3529 ut
297 3486 360 3544 40,
387 3470 450 3546 48,
478 3468 616 3551 figuram
641 3491 725 3551 quae
750 3475 909 3545 παράλειψις
935 3478 1081 3532 vocatur.
1108 3466 1227 3530 Straub
1253 3488 1284 3529 u.

56 3597 83 3639 s.
119 3596 151 3657 p.
191 3594 248 3639 101
284 3597 356 3639 eam
381 3578 552 3660 distinguit
576 3602 595 3643 a
619 3583 822 3662 praecisione
847 3588 1064 3657 (ἀποοιοιιήοει),
1091 3579 1286 3662 plerumque

56 3687 207 3767 sequitur
238 3694 276 3745 ἐῶ
297 3693 352 3764 γὰρ
371 3697 470 3765 τοῦτο,
505 3699 541 3752 ut
579 3692 636 3766 18,
671 3690 755 3767 261;
790 3700 826 3753 ut
850 3690 966 3753 evadat
990 3690 1194 3771 praeteritio:
1224 3706 1284 3768 23,

59 3811 146 3876 215,
182 3811 242 3876 25,
278 3811 340 3877 45,
376 3798 414 3861 cf.
445 3800 487 3862 ad
513 3801 659 3864 Herenn.
687 3820 726 3879 4,
755 3817 815 3879 27,
846 3816 906 3881 37:
934 3801 1111 3862 occultatio
1136 3807 1186 3860 est
1210 3818 1285 3859 curn

56 3907 198 3969 dicimus
222 3927 283 3969 nos
308 3910 486 3987 praeterire
509 3920 566 3973 aut
591 3931 656 3972 non
682 3912 765 3973 scire
789 3920 846 3974 aut
870 3910 958 3972 nolle
984 3911 1092 3972 dicere
1117 3909 1168 3984 id,
1195 3907 1286 3989 quod

56 4036 145 4078 nunc
170 4019 314 4080 maxime
339 4018 488 4084 dicimus.
538 4020 732 4083 Alexander
755 4047 780 4080 ιι.
802 4047 885 4098 omn·
910 4021 999 4102 apud
1026 4019 1180 4101 Spengel.
1219 4017 1284 4080 Rh.

56 4124 115 4189 Gr.
144 4144 181 4206 3,
210 4144 263 4190 22.
