3008 5296
752 517 769 574 8

193 723 242 782 14,
293 713 416 776 νόμους
444 709 607 771 τούτους
630 713 779 780 δεικτικοῖς,
808 705 910 786 digito
935 716 1094 772 monstrat
1111 709 1202 792 leges
1221 732 1309 793 quas
1327 733 1372 774 se·

141 837 216 878 cum
241 816 366 891 attulit;
396 833 515 892 20,42;
545 833 643 897 21,43
672 825 733 878 cet.

192 943 241 1003 14.
291 934 328 985 τὺ
349 933 562 1001 συμβόλαιον
587 926 739 1008 generale
764 947 883 988 nomen
909 930 1098 1009 pactionum
1125 933 1208 993 inter
1224 934 1372 1014 privatos

140 1035 307 1112 homines;
334 1057 433 1118 saepe
457 1036 588 1098 additur
613 1042 691 1112 ἰδίαν,
717 1037 807 1099 velut
833 1037 912 1118 [γε.
935 1040 1166 1117 5,1cf.Isocr.
1190 1059 1315 1119 12,11:
1342 1049 1371 1102 wi

140 1151 202 1222 περὶ
227 1161 279 1206 τῶν
305 1151 375 1205 ἰδίων
403 1151 573 1220 συμβολαίων
601 1151 668 1204 α’λλὰ
693 1149 756 1221 περὶ
776 1160 828 1205 τῶν
849 1149 994 1224 Ἑλληνικῶν
1014 1153 1056 1208 καὶ
1075 1156 1216 1224 βαστλικῶν
1238 1156 1284 1211 καὶ
1306 1161 1371 1212 πολε·

139 1273 214 1318 τινων
240 1265 416 1335 πραγμάτων.
448 1275 586 1336 12,144,
620 1268 681 1320 cet.
732 1257 839 1341 Saepe
868 1259 1042 1323 adhibetur
1067 1262 1108 1323 de
1133 1265 1280 1344 pecunia
1306 1286 1371 1327 cre-

139 1367 206 1430 dita
230 1365 340 1451 (32,1;
369 1382 488 1445 27,27;
518 1386 614 1448 341,
642 1378 678 1429 ut
694 1374 855 1443 συμβάλλειν
875 1383 993 1449 37,54;
1015 1388 1111 1450 34‚1;
1133 1370 1251 1457 36,27)
1265 1395 1273 1449 ;
1294 1376 1371 1454 quin

139 1480 235 1540 etiam
270 1481 373 1561 ipsam
406 1479 580 1560 pecuniam
614 1479 770 1541 creditam
796 1479 946 1560 designat
970 1498 1068 1560 49‚2;
1096 1482 1198 1544 Isocr.
1227 1498 1309 1564 7,33
1337 1505 1352 1546 s
1362 1507 1369 1559 ;

140 1590 218 1670 Lys,
251 1591 359 1669 12‚98.

187 1700 309 1762 Multas
335 1701 498 1761 orationes
523 1698 648 1761 habitas
674 1720 746 1761 esse
772 1700 813 1761 de
837 1701 956 1764 talibus
982 1703 1204 1766 contractibus
1221 1704 1276 1766 vel
1296 1705 1370 1767 inde

138 1821 243 1895 patet,
271 1811 361 1892 quod
388 1812 508 1892 Lysiae
533 1812 696 1873 orationes
713 1815 776 1887 περὶ
797 1816 866 1871 ἰδίων
886 1819 1056 1887 συμβολαίων
1082 1815 1113 1875 in
1139 1824 1269 1895 partem
1298 1837 1370 1899 spe·

138 1923 253 1985 cialem
279 1932 369 1985 erant
394 1922 541 2004 digestae
567 1920 684 2006 (Blass
710 1923 781 1986 Art.
808 1923 942 1987 Bereds.
969 1925 995 1987 I.
1022 1925 1072 1987 ed.
1091 1925 1193 1988 altera
1216 1927 1319 2005 1887.
1337 1949 1368 2009 p.

140 2033 229 2119 367).
257 2035 294 2096 ci.
323 2032 683 2116 Mei.·Sch0em.-Lips.
710 2056 741 2116 p.
769 2033 833 2114 675
863 2054 931 2116 seq.

713 2479 785 2553 §4-

121 2772 123 2777 Ι
189 2713 238 2777 15.
288 2704 432 2757 o'r'rravra:
466 2705 563 2757 totam
595 2716 680 2771 rem,
716 2703 751 2757 ut
780 2694 840 2758 ΑΓ.
874 2694 966 2756 Aves
997 2709 1102 2776 1352:
1129 2699 1222 2772 ἄγχειν
1241 2702 1369 2768 ἐπιθυμῶ

136 2817 180 2867 τὸν
206 2813 310 2882 πατέρα
336 2809 377 2864 καὶ
400 2813 474 2863 πάντ’
495 2810 575 2882 ἔχειν.
613 2805 706 2867 Blass
740 2802 814 2888 (ΙΙΙ.
847 2823 873 2867 1.
904 2819 986 2885 502,
1013 2804 1048 2891 4)
1077 2808 1212 2868 miratus
1239 2810 1370 2888 quaerit

137 2918 193 2999 qui
226 2916 292 2978 fieri
317 2917 422 2998 possit
446 2925 482 2976 ut
507 2916 657 2977 Lacritus
683 2916 724 2976 sit
747 2914 843 2977 heres
868 2936 911 2976 ex
935 2936 1009 2978 asse
1033 2918 1108 2978 vivo
1133 2916 1368 3007 Apollodoro;

136 3036 233 3109 negat
266 3028 365 3108 igitur
396 3035 461 3087 tres
485 3027 573 3087 viros
598 3026 671 3087 illos
696 3026 808 3087 fratres
834 3046 916 3089 esse.
967 3024 1033 3088 Sed
1059 3026 1210 3089 Lacritus
1236 3036 1370 3110 poterat

137 3159 209 3200 esse
241 3138 337 3199 frater
361 3157 553 3217 germanuS,
580 3136 809 3218 Apollodorus
836 3138 999 3212 uterinus;
1025 3136 1285 3199 hiantem-non
1312 3138 1370 3201 he-

137 3249 231 3310 redes
257 3248 337 3310 fiunt
362 3249 388 3309 si
413 3247 458 3309 iili
483 3256 613 3309 exstant
637 3243 890 3329 (Mei-Schoem.
917 3268 949 3328 p.
971 3248 1053 3326 582,
1084 3245 1179 3330 587),
1207 3267 1294 3328 quae
1312 3249 1370 3311 lex

137 3380 202 3422 non
233 3367 359 3421 tantum
392 3360 424 3420 in
457 3359 561 3433 cives,
596 3357 654 3419 sed
686 3358 718 3418 in
752 3357 927 3438 inquilinos
957 3378 1091 3439 quoque
1115 3356 1245 3420 valebat
1273 3358 1368 3440 (ibid.

136 3492 169 3552 p.
199 3470 287 3551 588).
314 3469 352 3532 ci.
379 3468 441 3546 46,
471 3486 524 3530 22.

183 3585 307 3658 ἔχοντι-
324 3582 365 3638 καὶ
380 3585 534 3656 κληρονόμῳ
548 3585 601 3637 ὄντι
617 3599 722 3660 genus
739 3577 999 3661 amplificationis
1017 3579 1093 3640 satis
1111 3580 1256 3640 otiosum
1273 3580 1315 3643 cf.
1331 3581 1369 3642 6:

136 3693 284 3766 ἐπιτήδειοί
303 3692 352 3746 εἷσε
374 3724 401 3733 -
428 3690 470 3746 καὶ
496 3691 648 3765 χρώμεθα,
685 3702 744 3768 54:
779 3693 894 3763 ἀκύμονος
919 3699 984 3766 ποιῇ
1007 3689 1048 3746 καὶ
1068 3691 1195 3765 καταλύῃ.
1245 3689 1372 3755 Iniuria

137 3796 225 3860 Uhle
250 3818 281 3859 u.
307 3818 333 3859 s,
359 3818 391 3879 p.
410 3816 455 3877 99
473 3797 551 3859 dicit
568 3799 631 3861 stili
651 3801 864 3861 curiosiorem
882 3806 1046 3860 oratorem
1063 3797 1162 3860 fuisse
1180 3799 1369 3864 dicturum:

136 3912 225 3986 ἔχοντι
241 3944 272 3954 -
289 3911 331 3966 καὶ
356 3915 487 3985 κληρ.ὔντκ
503 3947 535 3956 -
551 3912 593 3967 καὶ
616 3915 663 3968 οὐκ
687 3917 717 3968 ἂν
740 3915 830 3988 ἔχοντι
850 3914 916 3974 deff.
937 3917 994 3980 νόμ.
1019 3929 1080 3989 pro
1104 3912 1224 3986 ἔχοντος.
1275 3910 1372 3975 Talia

137 4016 332 4079 anacolutha
356 4039 455 4101 saepe
479 4019 568 4102 apud
593 4021 736 4100 optimos
761 4027 912 4081 auctores
938 4018 1034 4081 obvia
1059 4028 1144 4082 sunt.

190 4127 239 4190 16.
288 4132 341 4187 καὶ
371 4135 417 4186 λα’
446 4136 567 4188 ἐνθάδε
597 4139 658 4193 cet.
710 4130 786 4191 Non
819 4130 912 4191 facile
942 4131 1116 4211 quisquam
1143 4131 1304 4194 concedat
1331 4135 1372 4197 iis

138 4260 222 4320 quae
247 4238 420 4302 Thalheim
445 4242 489 4322 (u.
516 4261 541 4302 s.
568 4262 600 4324 p.
621 4241 700 4323 336)
724 4241 892 4324 perhibet,
919 4241 1043 4303 dictum
1068 4240 1133 4303 hoc
1154 4262 1226 4304 esse
1243 4243 1372 4307 ironice

138 4349 179 4411 de
211 4371 287 4411 aere
310 4350 415 4412 alieno
441 4351 650 4428 Artemonis,
678 4373 753 4414 cum
783 4356 798 4431 ξ
825 4371 870 4430 44
895 4373 960 4414 non
985 4361 1264 4415 commemoretur
1289 4374 1371 4417 eum

137 4459 279 4522 Athenis
304 4460 452 4523 debitum
477 4462 677 4542 exigendum
702 4462 866 4526 habuisse.
