3008 5296
182 926 300 1009 Incipit
324 932 483 1004 ἐπίλογος
496 978 504 1004 ‚
516 927 697 1007 peroratio:
715 928 856 989 breviter
872 946 1018 988 summas
1040 945 1091 987 res
1109 926 1235 1008 colligit
1251 903 1367 988 orator

136 1036 164 1122 (ξ
194 1039 265 1120 55),
299 1046 436 1120 oratque
469 1038 593 1100 iudices
619 1047 655 1100 ut
679 1039 738 1100 sibi
763 1038 960 1099 auxilientur
985 1035 1014 1119 (ᾗ
1044 1036 1115 1123 56),
1143 1057 1227 1118 quae
1252 1045 1365 1118 partes

134 1149 222 1231 apud
256 1148 403 1210 rhetores
435 1149 628 1210 enumeratio
661 1157 693 1211 et
726 1148 898 1229 conquestio
923 1145 1176 1233 (commiseratio)
1201 1157 1365 1211 vocantur

136 1256 268 1342 (Cornif.
296 1259 337 1321 ad
363 1259 510 1321 Horenn.
539 1275 693 1339 2,30,47;
722 1258 789 1322 Cic.
813 1260 854 1320 de
879 1259 947 1321 Inv.
975 1257 1140 1345 1,52,98);
1166 1265 1267 1340 atque
1287 1258 1364 1318 huic

135 1369 287 1430 adiuncta
312 1378 361 1431 est
386 1368 607 1450 amplificatio,
638 1390 722 1452 quae
747 1370 988 1431 demonstratur
1014 1370 1134 1431 utilitas
1159 1369 1362 1430 condemna-

135 1479 233 1540 tionis
258 1476 309 1560 (cf.
338 1477 458 1542 Cornif.
485 1481 527 1543 ib.
554 1483 569 1558 ξ
595 1480 663 1562 48).

141 1583 143 1587 ’
184 1588 393 1669 Quibusdam
429 1590 628 1653 orationibus
665 1592 798 1673 privatis
835 1588 911 1674 (29,
952 1607 1013 1670 30,
1053 1608 1109 1669 31,
1151 1589 1208 1675 37)
1246 1590 1363 1652 deesse
1406 1664 1408 1671 Ι

136 1700 376 1780 perorationem
409 1702 533 1762 notavit
566 1699 657 1782 Sigg.
693 1722 723 1763 u.
758 1721 783 1763 s.
809 1721 841 1781 p.
868 1714 933 1780 415
948 1722 955 1776 ;
990 1700 1029 1762 cf.
1055 1699 1245 1762 Volkmann
1274 1699 1362 1761 Rhe-

135 1804 239 1872 torik²
270 1831 302 1891 p.
331 1809 395 1872 262
430 1831 455 1872 s.
505 1811 674 1873 Transitur
702 1810 744 1873 ad
769 1810 938 1892 epilogum
962 1830 1021 1892 per
1044 1814 1091 1880 μὲν
1112 1813 1157 1869 οὖν
1183 1819 1218 1871 ut
1242 1831 1360 1892 saepe:

136 1935 230 1999 4,51;
269 1934 386 2000 15,35;
422 1935 542 2000 34,52;
575 1923 697 2000 43,84;
731 1920 850 2000 56‚50;
880 1920 1021 2001 59,126;
1049 1920 1122 1983 Fox
1147 1919 1189 1983 ad
1215 1919 1274 1982 Or.
1302 1941 1362 2001 pro

139 2031 260 2112 Megal.
288 2035 303 2109 §
332 2047 393 2110 323
420 2030 542 2094 Frohb.
569 2031 610 2093 ad
635 2032 715 2112 Lys,
744 2030 851 2109 1446.

190 2158 239 2219 17.
289 2144 361 2200 ἐστὶ
380 2149 466 2216 πρὸς
488 2146 633 2207 τούτους
655 2150 670 2200 ὁ
691 2147 792 2218 λόγος
819 2149 854 2203 ut
879 2141 996 2218 I6‚18;
1024 2140 1136 2217 20,68.

187 2269 234 2314 21.
284 2253 490 2329 ἅοεοήμον,
539 2253 644 2316 Thuc.
680 2268 812 2333 2,.70,3;
848 2268 943 2331 72,3;
974 2253 1108 2331 4‚78,3;
1136 2252 1245 2330 8,5,2;
1274 2251 1361 2313 Xen.

139 2362 227 2425 Hell.
256 2363 368 2442 3,4,26
389 2372 455 2426 eet.
482 2364 590 2445 Krug.
617 2363 731 2440 68‚18.
757 2363 801 2426 A.

97 2466 101 2471 ’
186 2489 239 2536 22.
289 2475 384 2546 ἴομεν
409 2478 488 2533 τιόο
508 2477 591 2534 ἐστὶ.
641 2475 695 2536 De
726 2493 876 2557 pronom.
911 2473 1143 2554 interrogativo
1176 2472 1215 2534 cf.
1252 2472 1360 2553 Krug.

141 2597 286 2662 51,17,2.
338 2585 427 2665 Quin
461 2587 557 2648 etiam
592 2584 726 2661 Graeci,
754 2592 790 2646 ut
812 2585 857 2646 ait
883 2583 1018 2647 Lobeck
1043 2582 1085 2645 ad
1111 2582 1232 2664 Phryn.
1258 2603 1291 2664 p.
1321 2596 1361 2662 57

136 2715 228 2770 ann,
263 2694 338 2757 data
362 2716 463 2777 opera
486 2696 680 2777 pronomina
705 2701 853 2770 ἀνοφορικά
877 2702 909 2756 et
932 2698 1121 2769 ἐροτημοτικά
1145 2694 1363 2755 commiscue-

136 2813 211 2866 runt
236 2806 268 2866 in
293 2806 600 2887 interrogationibus
625 2805 784 2886 obliquis,
811 2804 1012 2886 repetitionis
1030 2802 1234 2884 effugiendae
1252 2823 1361 2865 causa.

137 2914 191 2976 Sic
216 2915 308 2977 Plato
335 2914 413 2979 Crit.
439 2916 549 2994 48A‚
577 2917 631 2978 ubi
661 2914 774 2978 Stallb.
801 2915 891 2978 addit
915 2913 1017 2994 Gorg.
1047 2928 1112 2992 500
1139 2912 1190 2988 A;
1218 2914 1286 2990 448
1314 2913 1361 2988 E;

139 3024 270 3087 Charm.
298 3025 361 3088 160
379 3026 422 3089 D.

187 3155 240 3217 23,
290 3139 388 3195 αὐτοὶ
412 3139 507 3195 οὗτοι
532 3138 571 3202 cf,
596 3138 638 3201 ad
663 3143 679 3217 ξ
707 3155 736 3201 2.
805 3166 807 3170 ·

186 3910 238 3972 26.
288 3910 345 3971 Ad
377 3915 535 3977 κολάζειν
559 3909 633 3972 vide
658 3909 797 3971 Aristot.
824 3907 924 3971 Rhet.
955 3923 1105 3987 1,10,17:
1133 3916 1257 3986 διαφέρει
1277 3915 1307 3968 δὲ
1327 3935 1362 3969 τι-

137 4027 229 4095 μωρία
255 4023 297 4078 καὶ
316 4025 432 4086 κόλασις.
451 4029 468 4098 ἡ
489 4025 609 4097 μὲνγὰρ
629 4026 735 4086 κόλασις
757 4028 805 4078 τοῦ
825 4025 974 4096 πάσχοντος
997 4025 1071 4078 ἕνεκά
1089 4026 1173 4093 ἐστιν,
1193 4028 1211 4098 ἡ
1231 4025 1261 4078 δὲ
1281 4045 1362 4091 repo·

136 4138 184 4205 ρία
205 4139 253 4188 τοῦ
273 4138 405 4196 ποιοῦντος
430 4132 456 4188 ἵν’
477 4135 670 4208 ἀποπληροιλῄ.
705 4131 800 4211 Quae
825 4130 944 4207 finitio,
970 4131 1073 4193 fusius
1097 4139 1233 4193 tractata
1248 4151 1269 4193 a
1285 4130 1362 4194 Gel-

138 4239 180 4300 lio
207 4239 263 4321 (N.
289 4238 361 4303 Au.
389 4239 497 4321 7,14),
524 4260 590 4301 non
615 4261 745 4324 semper
771 4240 963 4303 observatur
987 4242 1029 4303 ab
1053 4242 1260 4317 auctoribus;
1288 4262 1363 4303 nos-

136 4359 186 4410 tro
211 4369 288 4411 vero
314 4349 388 4412 loco
412 4356 531 4417 κολάζειν
556 4352 698 4414 concinit
723 4372 799 4413 cum
824 4353 862 4412 iis
888 4371 972 4432 quae
994 4360 1196 4432 sequuntur:
1222 4362 1362 4430 περιαιρή-

137 4465 220 4517 σεσθε
246 4469 308 4523 cet.
