<?xml version="1.0" encoding="UTF-8"?>
<!DOCTYPE html PUBLIC "-//W3C//DTD XHTML 1.0 Transitional//EN"
    "http://www.w3.org/TR/xhtml1/DTD/xhtml1-transitional.dtd">
<html xmlns="http://www.w3.org/1999/xhtml" xml:lang="en" lang="en">
 <head>
  <title>
</title>
<meta http-equiv="Content-Type" content="text/html;charset=utf-8" />
  <meta name='ocr-system' content='tesseract 3.04.00' />
  <meta name='ocr-capabilities' content='ocr_page ocr_carea ocr_par ocr_line ocrx_word'/>
</head>
<body>
  <div class='ocr_page' id='page_1' title='image "./annotationesadd00hanngoog_0072.png"; bbox 0 0 3008 5296; ppageno 0'>
   <div class='ocr_carea' id='block_1_1' title="bbox 680 487 723 549">
    <p class='ocr_par' dir='ltr' id='par_1_1' title="bbox 680 487 723 549">
     <span class='ocr_line' id='line_1_1' title="bbox 680 487 723 549; baseline -0.023 0"><span class='ocrx_word' id='word_1_1' title='bbox 680 487 723 549; x_wconf 84' lang='lat'>39</span> 
     </span>
    </p>
   </div>
   <div class='ocr_carea' id='block_1_2' title="bbox 73 664 1314 2180">
    <p class='ocr_par' dir='ltr' id='par_1_2' title="bbox 73 664 1311 855">
     <span class='ocr_line' id='line_1_2' title="bbox 73 664 1311 746; baseline 0.002 -21"><span class='ocrx_word' id='word_1_2' title='bbox 73 685 184 746; x_wconf 86' lang='lat' dir='ltr'>saepe</span> <span class='ocrx_word' id='word_1_3' title='bbox 208 664 374 746; x_wconf 86' lang='lat' dir='ltr'>praecedit</span> <span class='ocrx_word' id='word_1_4' title='bbox 397 665 552 738; x_wconf 87' lang='lat' dir='ltr'>verbum,</span> <span class='ocrx_word' id='word_1_5' title='bbox 580 665 670 745; x_wconf 91' lang='lat' dir='ltr'>quod</span> <span class='ocrx_word' id='word_1_6' title='bbox 694 665 736 726; x_wconf 89' lang='lat' dir='ltr'>ad</span> <span class='ocrx_word' id='word_1_7' title='bbox 762 669 862 733; x_wconf 72' lang='grc' dir='ltr'><em>μέλλειν</em></span> <span class='ocrx_word' id='word_1_8' title='bbox 888 685 952 726; x_wconf 94' lang='lat' dir='ltr'>non</span> <span class='ocrx_word' id='word_1_9' title='bbox 971 667 1122 741; x_wconf 82' lang='lat' dir='ltr'>iteratur3</span> <span class='ocrx_word' id='word_1_10' title='bbox 1140 666 1216 728; x_wconf 90' lang='lat' dir='ltr'>vide</span> <span class='ocrx_word' id='word_1_11' title='bbox 1233 687 1311 728; x_wconf 86' lang='lat' dir='ltr'>eun-</span> 
     </span>
     <span class='ocr_line' id='line_1_3' title="bbox 74 773 1067 855; baseline 0.001 -19"><span class='ocrx_word' id='word_1_12' title='bbox 74 774 159 836; x_wconf 89' lang='lat' dir='ltr'>dem</span> <span class='ocrx_word' id='word_1_13' title='bbox 184 776 227 837; x_wconf 89' lang='lat' dir='ltr'>ad</span> <span class='ocrx_word' id='word_1_14' title='bbox 257 776 389 855; x_wconf 87' lang='lat'>18,192.</span> <span class='ocrx_word' id='word_1_15' title='bbox 416 776 454 838; x_wconf 88' lang='lat' dir='ltr'>cf.</span> <span class='ocrx_word' id='word_1_16' title='bbox 481 773 594 837; x_wconf 88' lang='lat' dir='ltr'>Stallb.</span> <span class='ocrx_word' id='word_1_17' title='bbox 620 774 672 837; x_wconf 89' lang='lat' dir='ltr'>ad.</span> <span class='ocrx_word' id='word_1_18' title='bbox 699 775 745 837; x_wconf 91' lang='lat' dir='ltr'>Pl.</span> <span class='ocrx_word' id='word_1_19' title='bbox 772 773 907 837; x_wconf 87' lang='lat' dir='ltr'>Theaet.</span> <span class='ocrx_word' id='word_1_20' title='bbox 940 778 1000 853; x_wconf 88' lang='lat'>148</span> <span class='ocrx_word' id='word_1_21' title='bbox 1028 776 1067 837; x_wconf 91' lang='lat' dir='ltr'>E.</span> 
     </span>
    </p>

    <p class='ocr_par' dir='ltr' id='par_1_3' title="bbox 73 885 1314 2180">
     <span class='ocr_line' id='line_1_4' title="bbox 134 885 1312 967; baseline 0.007 -26"><span class='ocrx_word' id='word_1_22' title='bbox 134 902 187 948; x_wconf 91' lang='lat'>10.</span> <span class='ocrx_word' id='word_1_23' title='bbox 236 890 287 942; x_wconf 77' lang='grc' dir='ltr'>ὅτι</span> <span class='ocrx_word' id='word_1_24' title='bbox 317 889 463 959; x_wconf 73' lang='grc' dir='ltr'>λ’ᾰληιλῆ</span> <span class='ocrx_word' id='word_1_25' title='bbox 492 893 602 943; x_wconf 76' lang='grc' dir='ltr'><em>ταῦτα</em></span> <span class='ocrx_word' id='word_1_26' title='bbox 633 889 733 960; x_wconf 67' lang='grc' dir='ltr'><em>λέγω,</em></span> <span class='ocrx_word' id='word_1_27' title='bbox 763 890 848 955; x_wconf 75' lang='grc' dir='ltr'><em>λαβέ</em></span> <span class='ocrx_word' id='word_1_28' title='bbox 872 893 933 947; x_wconf 91' lang='lat' dir='ltr'>cet.</span> <span class='ocrx_word' id='word_1_29' title='bbox 982 885 1198 967; x_wconf 87' lang='lat' dir='ltr'>Antiquiores</span> <span class='ocrx_word' id='word_1_30' title='bbox 1222 888 1312 949; x_wconf 88' lang='lat' dir='ltr'>velut</span> 
     </span>
     <span class='ocr_line' id='line_1_5' title="bbox 75 994 1310 1078; baseline 0.002 -21"><span class='ocrx_word' id='word_1_31' title='bbox 75 995 120 1058; x_wconf 91' lang='lat' dir='ltr'>G.</span> <span class='ocrx_word' id='word_1_32' title='bbox 152 996 197 1068; x_wconf 88' lang='lat' dir='ltr'>H.</span> <span class='ocrx_word' id='word_1_33' title='bbox 224 994 378 1057; x_wconf 84' lang='lat' dir='ltr'>Schaefer</span> <span class='ocrx_word' id='word_1_34' title='bbox 402 997 433 1057; x_wconf 94' lang='lat' dir='ltr'>in</span> <span class='ocrx_word' id='word_1_35' title='bbox 459 995 585 1077; x_wconf 86' lang='lat' dir='ltr'>Appar.</span> <span class='ocrx_word' id='word_1_36' title='bbox 613 994 691 1057; x_wconf 83' lang='lat' dir='ltr'>Crit.</span> <span class='ocrx_word' id='word_1_37' title='bbox 718 995 751 1056; x_wconf 95' lang='grc' dir='ltr'>ΙΙ</span> <span class='ocrx_word' id='word_1_38' title='bbox 777 1016 808 1076; x_wconf 95' lang='lat' dir='ltr'>p.</span> <span class='ocrx_word' id='word_1_39' title='bbox 837 1011 890 1072; x_wconf 90' lang='lat'>71.</span> <span class='ocrx_word' id='word_1_40' title='bbox 917 997 959 1059; x_wconf 92' lang='lat' dir='ltr'>V.</span> <span class='ocrx_word' id='word_1_41' title='bbox 985 1018 1018 1078; x_wconf 92' lang='lat' dir='ltr'>p.</span> <span class='ocrx_word' id='word_1_42' title='bbox 1050 1015 1123 1059; x_wconf 91' lang='lat'>111.</span> <span class='ocrx_word' id='word_1_43' title='bbox 1143 998 1175 1059; x_wconf 94' lang='lat' dir='ltr'>in</span> <span class='ocrx_word' id='word_1_44' title='bbox 1191 997 1310 1060; x_wconf 83' lang='lat' dir='ltr'>talibus</span> 
     </span>
     <span class='ocr_line' id='line_1_6' title="bbox 73 1105 1313 1187; baseline 0.002 -19"><span class='ocrx_word' id='word_1_45' title='bbox 73 1109 173 1169; x_wconf 91' lang='lat' dir='ltr'>aiunt</span> <span class='ocrx_word' id='word_1_46' title='bbox 197 1107 295 1169; x_wconf 87' lang='lat' dir='ltr'>verba</span> <span class='ocrx_word' id='word_1_47' title='bbox 320 1109 358 1163; x_wconf 76' lang='grc' dir='ltr'>ἵνα</span> <span class='ocrx_word' id='word_1_48' title='bbox 379 1110 465 1180; x_wconf 73' lang='grc' dir='ltr'><em>εἰδῆτε</em></span> <span class='ocrx_word' id='word_1_49' title='bbox 483 1126 555 1167; x_wconf 86' lang='lat' dir='ltr'>esse</span> <span class='ocrx_word' id='word_1_50' title='bbox 572 1107 710 1180; x_wconf 88' lang='lat' dir='ltr'>omissa,</span> <span class='ocrx_word' id='word_1_51' title='bbox 730 1126 814 1186; x_wconf 87' lang='lat' dir='ltr'>quae</span> <span class='ocrx_word' id='word_1_52' title='bbox 831 1105 1004 1187; x_wconf 88' lang='lat' dir='ltr'>aliquoties</span> <span class='ocrx_word' id='word_1_53' title='bbox 1021 1107 1205 1183; x_wconf 89' lang='lat' dir='ltr'>adduntur;</span> <span class='ocrx_word' id='word_1_54' title='bbox 1222 1108 1313 1170; x_wconf 86' lang='lat' dir='ltr'>velut</span> 
     </span>
     <span class='ocr_line' id='line_1_7' title="bbox 76 1217 1311 1296; baseline 0.001 -17"><span class='ocrx_word' id='word_1_55' title='bbox 76 1217 124 1279; x_wconf 92' lang='lat' dir='ltr'>D.</span> <span class='ocrx_word' id='word_1_56' title='bbox 157 1232 296 1296; x_wconf 83' lang='lat'>23‚174;</span> <span class='ocrx_word' id='word_1_57' title='bbox 333 1231 476 1292; x_wconf 88' lang='lat'>20‚127;</span> <span class='ocrx_word' id='word_1_58' title='bbox 515 1217 655 1290; x_wconf 85' lang='lat'>18,118;</span> <span class='ocrx_word' id='word_1_59' title='bbox 692 1228 775 1294; x_wconf 81' lang='lat'>305;</span> <span class='ocrx_word' id='word_1_60' title='bbox 808 1224 840 1276; x_wconf 86' lang='lat' dir='ltr'>et</span> <span class='ocrx_word' id='word_1_61' title='bbox 872 1217 919 1277; x_wconf 86' lang='lat' dir='ltr'>sic</span> <span class='ocrx_word' id='word_1_62' title='bbox 944 1217 1042 1278; x_wconf 87' lang='lat' dir='ltr'>etiam</span> <span class='ocrx_word' id='word_1_63' title='bbox 1067 1218 1242 1281; x_wconf 88' lang='lat' dir='ltr'>Westerm.</span> <span class='ocrx_word' id='word_1_64' title='bbox 1268 1219 1311 1280; x_wconf 89' lang='lat' dir='ltr'>ad</span> 
     </span>
     <span class='ocr_line' id='line_1_8' title="bbox 78 1324 1310 1408; baseline 0.002 -19"><span class='ocrx_word' id='word_1_65' title='bbox 78 1341 226 1408; x_wconf 82' lang='lat'>23,151;</span> <span class='ocrx_word' id='word_1_66' title='bbox 252 1327 311 1388; x_wconf 87' lang='lat' dir='ltr'>sed</span> <span class='ocrx_word' id='word_1_67' title='bbox 335 1326 400 1388; x_wconf 89' lang='lat' dir='ltr'>loci</span> <span class='ocrx_word' id='word_1_68' title='bbox 425 1325 530 1408; x_wconf 86' lang='lat' dir='ltr'>qualis</span> <span class='ocrx_word' id='word_1_69' title='bbox 555 1334 605 1387; x_wconf 91' lang='lat' dir='ltr'>est</span> <span class='ocrx_word' id='word_1_70' title='bbox 630 1325 673 1388; x_wconf 92' lang='lat' dir='ltr'>D.</span> <span class='ocrx_word' id='word_1_71' title='bbox 702 1325 802 1399; x_wconf 88' lang='lat'>21‚82</span> <span class='ocrx_word' id='word_1_72' title='bbox 828 1324 912 1387; x_wconf 87' lang='lat' dir='ltr'>hanc</span> <span class='ocrx_word' id='word_1_73' title='bbox 937 1328 1126 1408; x_wconf 88' lang='lat' dir='ltr'>opinionem</span> <span class='ocrx_word' id='word_1_74' title='bbox 1143 1328 1310 1391; x_wconf 87' lang='lat' dir='ltr'>refellunt:</span> 
     </span>
     <span class='ocr_line' id='line_1_9' title="bbox 74 1440 1314 1514; baseline -0.001 -18"><span class='ocrx_word' id='word_1_75' title='bbox 74 1447 114 1503; x_wconf 84' lang='grc' dir='ltr'>ὡς</span> <span class='ocrx_word' id='word_1_76' title='bbox 148 1442 194 1497; x_wconf 79' lang='grc' dir='ltr'>οὖν</span> <span class='ocrx_word' id='word_1_77' title='bbox 218 1441 292 1496; x_wconf 79' lang='grc' dir='ltr'><em>ταῦτ’</em></span> <span class='ocrx_word' id='word_1_78' title='bbox 318 1444 403 1513; x_wconf 79' lang='grc' dir='ltr'><em>ἀληθῆ</em></span> <span class='ocrx_word' id='word_1_79' title='bbox 427 1442 510 1514; x_wconf 70' lang='grc' dir='ltr'><em>λέγω,</em></span> <span class='ocrx_word' id='word_1_80' title='bbox 537 1443 609 1494; x_wconf 81' lang='grc' dir='ltr'><em>κάλει</em></span> <span class='ocrx_word' id='word_1_81' title='bbox 633 1461 678 1506; x_wconf 80' lang='grc' dir='ltr'>μοι</span> <span class='ocrx_word' id='word_1_82' title='bbox 703 1440 799 1494; x_wconf 75' lang='grc' dir='ltr'><em>τούτου</em></span> <span class='ocrx_word' id='word_1_83' title='bbox 825 1441 887 1502; x_wconf 82' lang='grc' dir='ltr'><strong><em>τοὺς</em></strong></span> <span class='ocrx_word' id='word_1_84' title='bbox 916 1444 1081 1513; x_wconf 78' lang='grc' dir='ltr'><strong><em>μάρτυρας,</em></strong></span> <span class='ocrx_word' id='word_1_85' title='bbox 1110 1442 1138 1496; x_wconf 79' lang='grc' dir='ltr'>ἵν’</span> <span class='ocrx_word' id='word_1_86' title='bbox 1166 1443 1248 1514; x_wconf 72' lang='grc' dir='ltr'><em>εἰδῆθ’</em></span> <span class='ocrx_word' id='word_1_87' title='bbox 1273 1444 1314 1496; x_wconf 80' lang='grc' dir='ltr'>ὅτι</span> 
     </span>
     <span class='ocr_line' id='line_1_10' title="bbox 75 1546 1310 1626; baseline 0.001 -15"><span class='ocrx_word' id='word_1_88' title='bbox 75 1559 145 1612; x_wconf 91' lang='lat' dir='ltr'>cet.</span> <span class='ocrx_word' id='word_1_89' title='bbox 197 1550 411 1611; x_wconf 87' lang='lat' dir='ltr'>Recentiores</span> <span class='ocrx_word' id='word_1_90' title='bbox 448 1550 581 1611; x_wconf 86' lang='lat' dir='ltr'>variant.</span> <span class='ocrx_word' id='word_1_91' title='bbox 633 1546 839 1610; x_wconf 86' lang='lat' dir='ltr'>Schoemann</span> <span class='ocrx_word' id='word_1_92' title='bbox 876 1548 918 1610; x_wconf 88' lang='lat' dir='ltr'>ad</span> <span class='ocrx_word' id='word_1_93' title='bbox 951 1549 1033 1612; x_wconf 88' lang='lat' dir='ltr'>Isae.</span> <span class='ocrx_word' id='word_1_94' title='bbox 1070 1549 1162 1626; x_wconf 85' lang='lat'>1,16,</span> <span class='ocrx_word' id='word_1_95' title='bbox 1197 1552 1310 1613; x_wconf 87' lang='lat' dir='ltr'>vertit:</span> 
     </span>
     <span class='ocr_line' id='line_1_11' title="bbox 77 1658 1310 1741; baseline 0.002 -20"><span class='ocrx_word' id='word_1_96' title='bbox 77 1660 198 1741; x_wconf 90' lang='lat' dir='ltr'>„quod</span> <span class='ocrx_word' id='word_1_97' title='bbox 227 1661 341 1722; x_wconf 88' lang='lat' dir='ltr'><strong>attinet</strong></span> <span class='ocrx_word' id='word_1_98' title='bbox 364 1660 406 1721; x_wconf 89' lang='lat' dir='ltr'>ad</span> <span class='ocrx_word' id='word_1_99' title='bbox 430 1660 599 1720; x_wconf 88' lang='lat' dir='ltr'>veritatem</span> <span class='ocrx_word' id='word_1_100' title='bbox 625 1678 739 1720; x_wconf 86' lang='lat' dir='ltr'>eorum</span> <span class='ocrx_word' id='word_1_101' title='bbox 766 1678 850 1739; x_wconf 87' lang='lat' dir='ltr'>quae</span> <span class='ocrx_word' id='word_1_102' title='bbox 875 1658 990 1734; x_wconf 86' lang='lat' dir='ltr'>dic0‚&#39;¹</span> <span class='ocrx_word' id='word_1_103' title='bbox 1018 1660 1186 1722; x_wconf 83' lang='lat' dir='ltr'>conferens</span> <span class='ocrx_word' id='word_1_104' title='bbox 1216 1660 1310 1723; x_wconf 85' lang='lat' dir='ltr'>Dem.</span> 
     </span>
     <span class='ocr_line' id='line_1_12' title="bbox 77 1769 1312 1852; baseline 0 -26"><span class='ocrx_word' id='word_1_105' title='bbox 77 1789 182 1852; x_wconf 79' lang='lat'>31,4:</span> <span class='ocrx_word' id='word_1_106' title='bbox 209 1771 250 1826; x_wconf 81' lang='grc' dir='ltr'>καὶ</span> <span class='ocrx_word' id='word_1_107' title='bbox 277 1773 355 1827; x_wconf 66' lang='grc' dir='ltr'><em>ταῦθ’</em></span> <span class='ocrx_word' id='word_1_108' title='bbox 383 1777 418 1834; x_wconf 80' lang='grc' dir='ltr'>ὡς</span> <span class='ocrx_word' id='word_1_109' title='bbox 447 1773 534 1843; x_wconf 64' lang='grc' dir='ltr'><em>ἀληθῆ</em></span> <span class='ocrx_word' id='word_1_110' title='bbox 561 1772 643 1843; x_wconf 74' lang='grc' dir='ltr'><em>λέγω,</em></span> <span class='ocrx_word' id='word_1_111' title='bbox 670 1775 701 1824; x_wconf 81' lang='grc' dir='ltr'>τὸ</span> <span class='ocrx_word' id='word_1_112' title='bbox 729 1771 831 1842; x_wconf 78' lang='grc' dir='ltr'><em>χωρίον</em></span> <span class='ocrx_word' id='word_1_113' title='bbox 857 1769 933 1843; x_wconf 77' lang='grc' dir='ltr'><em>φησὶν</em></span> <span class='ocrx_word' id='word_1_114' title='bbox 953 1776 1173 1844; x_wconf 70' lang='grc' dir='ltr'><em>ἀποτετιμῆσθαι.</em></span> <span class='ocrx_word' id='word_1_115' title='bbox 1224 1770 1312 1831; x_wconf 86' lang='lat' dir='ltr'>Reh-</span> 
     </span>
     <span class='ocr_line' id='line_1_13' title="bbox 76 1876 1313 1963; baseline 0.001 -21"><span class='ocrx_word' id='word_1_116' title='bbox 76 1882 179 1943; x_wconf 88' lang='lat' dir='ltr'>dantz</span> <span class='ocrx_word' id='word_1_117' title='bbox 211 1887 342 1956; x_wconf 86' lang='lat' dir='ltr'>contra,</span> <span class='ocrx_word' id='word_1_118' title='bbox 378 1876 432 1963; x_wconf 89' lang='lat' dir='ltr'>(ad</span> <span class='ocrx_word' id='word_1_119' title='bbox 466 1879 611 1959; x_wconf 86' lang='lat' dir='ltr'>Lyeurg.</span> <span class='ocrx_word' id='word_1_120' title='bbox 644 1895 683 1957; x_wconf 90' lang='lat'>19</span> <span class='ocrx_word' id='word_1_121' title='bbox 716 1876 888 1962; x_wconf 86' lang='lat' dir='ltr'>Append.)</span> <span class='ocrx_word' id='word_1_122' title='bbox 913 1877 994 1940; x_wconf 93' lang='lat' dir='ltr'>illud</span> <span class='ocrx_word' id='word_1_123' title='bbox 1019 1885 1060 1937; x_wconf 81' lang='grc' dir='ltr'>ὅτι</span> <span class='ocrx_word' id='word_1_124' title='bbox 1083 1881 1135 1942; x_wconf 88' lang='lat' dir='ltr'>vel</span> <span class='ocrx_word' id='word_1_125' title='bbox 1161 1889 1196 1945; x_wconf 78' lang='grc' dir='ltr'>ὡς</span> <span class='ocrx_word' id='word_1_126' title='bbox 1223 1882 1313 1943; x_wconf 91' lang='lat' dir='ltr'>iubet</span> 
     </span>
     <span class='ocr_line' id='line_1_14' title="bbox 75 1986 1311 2073; baseline 0 -20"><span class='ocrx_word' id='word_1_127' title='bbox 75 1992 239 2073; x_wconf 88' lang='lat' dir='ltr'>coniungi</span> <span class='ocrx_word' id='word_1_128' title='bbox 264 2010 340 2052; x_wconf 86' lang='lat' dir='ltr'>cum</span> <span class='ocrx_word' id='word_1_129' title='bbox 365 1994 433 2060; x_wconf 79' lang='grc' dir='ltr'><em>λαβέ</em></span> <span class='ocrx_word' id='word_1_130' title='bbox 454 1993 551 2061; x_wconf 77' lang='grc' dir='ltr'><em>(κάλει,</em></span> <span class='ocrx_word' id='word_1_131' title='bbox 572 1993 703 2061; x_wconf 70' lang='grc' dir='ltr'><em>ἀνάγνωθι</em></span> <span class='ocrx_word' id='word_1_132' title='bbox 727 1986 808 2073; x_wconf 86' lang='lat' dir='ltr'>cet),</span> <span class='ocrx_word' id='word_1_133' title='bbox 839 1996 875 2049; x_wconf 92' lang='lat' dir='ltr'>ut</span> <span class='ocrx_word' id='word_1_134' title='bbox 899 1989 956 2050; x_wconf 90' lang='lat' dir='ltr'>sit:</span> <span class='ocrx_word' id='word_1_135' title='bbox 983 1991 1180 2066; x_wconf 84' lang='lat' dir='ltr'>„testimonii</span> <span class='ocrx_word' id='word_1_136' title='bbox 1198 1990 1311 2067; x_wconf 87' lang='lat' dir='ltr'>loco&#39;&#39;;</span> 
     </span>
     <span class='ocr_line' id='line_1_15' title="bbox 75 2098 1312 2180; baseline -0.007 -15"><span class='ocrx_word' id='word_1_137' title='bbox 75 2102 303 2165; x_wconf 87' lang='lat' dir='ltr'>natamenim</span> <span class='ocrx_word' id='word_1_138' title='bbox 328 2099 501 2162; x_wconf 88' lang='lat' dir='ltr'>formulam</span> <span class='ocrx_word' id='word_1_139' title='bbox 526 2098 666 2160; x_wconf 85' lang='lat' dir='ltr'>affirmat</span> <span class='ocrx_word' id='word_1_140' title='bbox 691 2119 709 2159; x_wconf 88' lang='lat' dir='ltr'>e</span> <span class='ocrx_word' id='word_1_141' title='bbox 733 2099 897 2180; x_wconf 88' lang='lat' dir='ltr'><strong>pleniore:</strong></span> <span class='ocrx_word' id='word_1_142' title='bbox 924 2106 959 2162; x_wconf 81' lang='grc' dir='ltr'>ὡς</span> <span class='ocrx_word' id='word_1_143' title='bbox 978 2101 1024 2156; x_wconf 75' lang='grc' dir='ltr'>οὖν</span> <span class='ocrx_word' id='word_1_144' title='bbox 1038 2101 1112 2157; x_wconf 77' lang='grc' dir='ltr'><em>ταῦτ’</em></span> <span class='ocrx_word' id='word_1_145' title='bbox 1126 2104 1214 2175; x_wconf 71' lang='grc' dir='ltr'><em>ἀληθῆ</em></span> <span class='ocrx_word' id='word_1_146' title='bbox 1228 2104 1312 2176; x_wconf 69' lang='grc' dir='ltr'><em>λέγω,</em></span> 
     </span>
    </p>
   </div>
   <div class='ocr_carea' id='block_1_3' title="bbox 75 2208 1313 2626">
    <p class='ocr_par' dir='ltr' id='par_1_4' title="bbox 75 2208 1311 2401">
     <span class='ocr_line' id='line_1_16' title="bbox 75 2208 1311 2291; baseline -0.002 -17"><span class='ocrx_word' id='word_1_147' title='bbox 75 2217 185 2274; x_wconf 79' lang='grc' dir='ltr'><em>τούτων</em></span> <span class='ocrx_word' id='word_1_148' title='bbox 211 2217 270 2283; x_wconf 82' lang='grc' dir='ltr'><em>ὑμῖν</em></span> <span class='ocrx_word' id='word_1_149' title='bbox 293 2215 355 2277; x_wconf 81' lang='grc' dir='ltr'><em>τοὺς</em></span> <span class='ocrx_word' id='word_1_150' title='bbox 384 2218 530 2285; x_wconf 80' lang='grc' dir='ltr'><strong><em>μάρτυρας</em></strong></span> <span class='ocrx_word' id='word_1_151' title='bbox 556 2213 725 2285; x_wconf 76' lang='grc' dir='ltr'><em>παρέξομαι,</em></span> <span class='ocrx_word' id='word_1_152' title='bbox 761 2229 846 2291; x_wconf 83' lang='lat' dir='ltr'>quae</span> <span class='ocrx_word' id='word_1_153' title='bbox 878 2208 997 2289; x_wconf 79' lang='lat' dir='ltr'>legitur</span> <span class='ocrx_word' id='word_1_154' title='bbox 1023 2208 1120 2270; x_wconf 85' lang='lat' dir='ltr'>Dem.</span> <span class='ocrx_word' id='word_1_155' title='bbox 1149 2211 1245 2288; x_wconf 81' lang='lat'>37,8;</span> <span class='ocrx_word' id='word_1_156' title='bbox 1272 2209 1311 2272; x_wconf 86' lang='lat' dir='ltr'>cf.</span> 
     </span>
     <span class='ocr_line' id='line_1_17' title="bbox 76 2319 580 2401; baseline -0.008 0"><span class='ocrx_word' id='word_1_157' title='bbox 76 2338 203 2401; x_wconf 76' lang='lat'>47,24;</span> <span class='ocrx_word' id='word_1_158' title='bbox 232 2335 292 2398; x_wconf 89' lang='lat'>27;</span> <span class='ocrx_word' id='word_1_159' title='bbox 322 2334 417 2400; x_wconf 59' lang='lat'>5493</span> <span class='ocrx_word' id='word_1_160' title='bbox 449 2319 580 2400; x_wconf 79' lang='lat'>19·176·</span> 
     </span>
    </p>

    <p class='ocr_par' dir='ltr' id='par_1_5' title="bbox 76 2426 1313 2626">
     <span class='ocr_line' id='line_1_18' title="bbox 132 2426 1312 2514; baseline -0.004 -19"><span class='ocrx_word' id='word_1_161' title='bbox 132 2431 198 2495; x_wconf 88' lang='lat' dir='ltr'>Sed</span> <span class='ocrx_word' id='word_1_162' title='bbox 222 2432 365 2514; x_wconf 88' lang='lat' dir='ltr'>palmam</span> <span class='ocrx_word' id='word_1_163' title='bbox 389 2431 518 2493; x_wconf 88' lang='lat' dir='ltr'>videtur</span> <span class='ocrx_word' id='word_1_164' title='bbox 541 2431 656 2492; x_wconf 90' lang='lat' dir='ltr'>tulisse</span> <span class='ocrx_word' id='word_1_165' title='bbox 681 2427 833 2492; x_wconf 86' lang='lat' dir='ltr'>Gebauer</span> <span class='ocrx_word' id='word_1_166' title='bbox 858 2426 962 2514; x_wconf 89' lang='lat' dir='ltr'>(App.</span> <span class='ocrx_word' id='word_1_167' title='bbox 988 2429 1028 2491; x_wconf 88' lang='lat' dir='ltr'>ad</span> <span class='ocrx_word' id='word_1_168' title='bbox 1056 2430 1190 2510; x_wconf 87' lang='lat' dir='ltr'>Lysiam</span> <span class='ocrx_word' id='word_1_169' title='bbox 1205 2429 1312 2491; x_wconf 71' lang='lat' dir='ltr'>&#39;Froh-</span> 
     </span>
     <span class='ocr_line' id='line_1_19' title="bbox 76 2539 1313 2626; baseline -0.006 -20"><span class='ocrx_word' id='word_1_170' title='bbox 76 2545 213 2625; x_wconf 87' lang='lat' dir='ltr'>bergeri</span> <span class='ocrx_word' id='word_1_171' title='bbox 243 2543 257 2604; x_wconf 96' lang='lat' dir='ltr'>I</span> <span class='ocrx_word' id='word_1_172' title='bbox 283 2564 315 2625; x_wconf 93' lang='lat' dir='ltr'>p.</span> <span class='ocrx_word' id='word_1_173' title='bbox 344 2540 434 2626; x_wconf 84' lang='lat'>243).</span> <span class='ocrx_word' id='word_1_174' title='bbox 485 2540 704 2602; x_wconf 87' lang='lat' dir='ltr'>Proficiseitur</span> <span class='ocrx_word' id='word_1_175' title='bbox 728 2542 814 2601; x_wconf 87' lang='lat' dir='ltr'>enim</span> <span class='ocrx_word' id='word_1_176' title='bbox 839 2561 858 2602; x_wconf 88' lang='lat' dir='ltr'>a</span> <span class='ocrx_word' id='word_1_177' title='bbox 881 2539 1020 2601; x_wconf 87' lang='lat' dir='ltr'>formula</span> <span class='ocrx_word' id='word_1_178' title='bbox 1046 2545 1084 2597; x_wconf 77' lang='grc' dir='ltr'>ὅτι</span> <span class='ocrx_word' id='word_1_179' title='bbox 1105 2545 1134 2597; x_wconf 74' lang='grc' dir='ltr'>δὲ</span> <span class='ocrx_word' id='word_1_180' title='bbox 1154 2544 1251 2610; x_wconf 69' lang='grc' dir='ltr'><em>ψεύδει</em></span> <span class='ocrx_word' id='word_1_181' title='bbox 1271 2543 1313 2598; x_wconf 83' lang='grc' dir='ltr'>καὶ</span> 
     </span>
    </p>
   </div>
   <div class='ocr_carea' id='block_1_4' title="bbox 78 2643 1312 3284">
    <p class='ocr_par' dir='ltr' id='par_1_6' title="bbox 78 2643 1312 3064">
     <span class='ocr_line' id='line_1_20' title="bbox 78 2643 1310 2728; baseline -0.007 -18"><span class='ocrx_word' id='word_1_182' title='bbox 78 2659 251 2726; x_wconf 71' lang='grc' dir='ltr'><em>ἐπιωρκηκὼς</em></span> <span class='ocrx_word' id='word_1_183' title='bbox 273 2656 390 2725; x_wconf 80' lang='grc' dir='ltr'><em>ἥκεις-</em></span> <span class='ocrx_word' id='word_1_184' title='bbox 410 2684 442 2694; x_wconf 92' lang='lat'>-</span> <span class='ocrx_word' id='word_1_185' title='bbox 459 2652 569 2724; x_wconf 74' lang='grc' dir='ltr'><em>ἐλέγξω.</em></span> <span class='ocrx_word' id='word_1_186' title='bbox 592 2652 659 2720; x_wconf 78' lang='grc' dir='ltr'><em>λαβέ</em></span> <span class='ocrx_word' id='word_1_187' title='bbox 678 2671 771 2717; x_wconf 83' lang='grc' dir='ltr'><strong><em>μοι-</em></strong></span> <span class='ocrx_word' id='word_1_188' title='bbox 793 2643 887 2710; x_wconf 26' lang='lat'>-&#39;—,</span> <span class='ocrx_word' id='word_1_189' title='bbox 915 2648 957 2710; x_wconf 85' lang='lat' dir='ltr'>D¹</span> <span class='ocrx_word' id='word_1_190' title='bbox 984 2665 1088 2727; x_wconf 50' lang='lat'>4239</span> <span class='ocrx_word' id='word_1_191' title='bbox 1113 2644 1165 2728; x_wconf 79' lang='lat' dir='ltr'>(cs.</span> <span class='ocrx_word' id='word_1_192' title='bbox 1192 2662 1310 2726; x_wconf 76' lang='lat'>43‚70;</span> 
     </span>
     <span class='ocr_line' id='line_1_21' title="bbox 81 2757 1312 2840; baseline -0.003 -18"><span class='ocrx_word' id='word_1_193' title='bbox 81 2774 207 2840; x_wconf 85' lang='lat'>45,27;</span> <span class='ocrx_word' id='word_1_194' title='bbox 240 2775 362 2838; x_wconf 88' lang='lat'>47,24;</span> <span class='ocrx_word' id='word_1_195' title='bbox 399 2757 530 2839; x_wconf 84' lang='lat'>59,87):</span> <span class='ocrx_word' id='word_1_196' title='bbox 561 2757 642 2819; x_wconf 87' lang='lat' dir='ltr'>haec</span> <span class='ocrx_word' id='word_1_197' title='bbox 668 2758 734 2819; x_wconf 93' lang='lat' dir='ltr'>duo</span> <span class='ocrx_word' id='word_1_198' title='bbox 762 2757 1038 2833; x_wconf 77' lang='lat' dir='ltr'>„demonstrabo”</span> <span class='ocrx_word' id='word_1_199' title='bbox 1065 2767 1097 2820; x_wconf 90' lang='lat' dir='ltr'>et</span> <span class='ocrx_word' id='word_1_200' title='bbox 1124 2777 1223 2833; x_wconf 83' lang='lat' dir='ltr'>„ecce</span> <span class='ocrx_word' id='word_1_201' title='bbox 1248 2767 1312 2819; x_wconf 87' lang='lat' dir='ltr'>tes-</span> 
     </span>
     <span class='ocr_line' id='line_1_22' title="bbox 80 2868 1312 2950; baseline -0.003 -16"><span class='ocrx_word' id='word_1_202' title='bbox 80 2870 241 2935; x_wconf 86' lang='lat' dir='ltr'>timonia&#39;’</span> <span class='ocrx_word' id='word_1_203' title='bbox 276 2873 307 2932; x_wconf 94' lang='lat' dir='ltr'>in</span> <span class='ocrx_word' id='word_1_204' title='bbox 340 2890 442 2931; x_wconf 92' lang='lat' dir='ltr'>unum</span> <span class='ocrx_word' id='word_1_205' title='bbox 475 2869 678 2930; x_wconf 85' lang='lat' dir='ltr'>coaluerunt.</span> <span class='ocrx_word' id='word_1_206' title='bbox 736 2869 845 2930; x_wconf 90' lang='lat' dir='ltr'>Locos</span> <span class='ocrx_word' id='word_1_207' title='bbox 880 2876 1055 2947; x_wconf 70' lang='grc' dir='ltr'><em>χαλκένεερυς</em></span> <span class='ocrx_word' id='word_1_208' title='bbox 1092 2868 1145 2930; x_wconf 85' lang='lat' dir='ltr'>ille</span> <span class='ocrx_word' id='word_1_209' title='bbox 1179 2868 1312 2950; x_wconf 84' lang='lat' dir='ltr'>collegit</span> 
     </span>
     <span class='ocr_line' id='line_1_23' title="bbox 84 2979 908 3064; baseline -0.004 -19"><span class='ocrx_word' id='word_1_210' title='bbox 84 2983 163 3046; x_wconf 88' lang='lat' dir='ltr'>ibid.</span> <span class='ocrx_word' id='word_1_211' title='bbox 189 3004 221 3064; x_wconf 92' lang='lat' dir='ltr'>p.</span> <span class='ocrx_word' id='word_1_212' title='bbox 250 3000 316 3062; x_wconf 81' lang='lat'>234</span> <span class='ocrx_word' id='word_1_213' title='bbox 341 3003 367 3044; x_wconf 84' lang='lat' dir='ltr'>s,</span> <span class='ocrx_word' id='word_1_214' title='bbox 418 2981 470 3042; x_wconf 88' lang='lat' dir='ltr'>De</span> <span class='ocrx_word' id='word_1_215' title='bbox 495 2987 562 3054; x_wconf 81' lang='grc' dir='ltr'><em>λαβέ</em></span> <span class='ocrx_word' id='word_1_216' title='bbox 587 2981 624 3042; x_wconf 84' lang='lat' dir='ltr'>cf.</span> <span class='ocrx_word' id='word_1_217' title='bbox 653 2979 744 3062; x_wconf 83' lang='lat' dir='ltr'>Sigg.</span> <span class='ocrx_word' id='word_1_218' title='bbox 770 3002 802 3062; x_wconf 92' lang='lat' dir='ltr'>p.</span> <span class='ocrx_word' id='word_1_219' title='bbox 829 2999 908 3060; x_wconf 83' lang='lat'>431.</span> 
     </span>
    </p>

    <p class='ocr_par' dir='ltr' id='par_1_7' title="bbox 85 3092 1312 3284">
     <span class='ocr_line' id='line_1_24' title="bbox 140 3092 1312 3173; baseline -0.003 -18"><span class='ocrx_word' id='word_1_220' title='bbox 140 3111 190 3173; x_wconf 90' lang='lat'>19.</span> <span class='ocrx_word' id='word_1_221' title='bbox 238 3100 388 3158; x_wconf 75' lang='grc' dir='ltr'><strong><em>τούτοις.</em></strong></span> <span class='ocrx_word' id='word_1_222' title='bbox 439 3094 589 3154; x_wconf 87' lang='lat' dir='ltr'>Laeritus</span> <span class='ocrx_word' id='word_1_223' title='bbox 613 3113 708 3168; x_wconf 83' lang='lat' dir='ltr'>vero,</span> <span class='ocrx_word' id='word_1_224' title='bbox 737 3094 793 3173; x_wconf 91' lang='lat' dir='ltr'>qui</span> <span class='ocrx_word' id='word_1_225' title='bbox 818 3093 908 3154; x_wconf 89' lang='lat' dir='ltr'>solus</span> <span class='ocrx_word' id='word_1_226' title='bbox 931 3094 962 3153; x_wconf 92' lang='lat' dir='ltr'>in</span> <span class='ocrx_word' id='word_1_227' title='bbox 981 3093 1101 3154; x_wconf 87' lang='lat' dir='ltr'>iudicio</span> <span class='ocrx_word' id='word_1_228' title='bbox 1119 3092 1227 3166; x_wconf 86' lang='lat' dir='ltr'>adest,</span> <span class='ocrx_word' id='word_1_229' title='bbox 1247 3111 1312 3152; x_wconf 94' lang='lat' dir='ltr'>non</span> 
     </span>
     <span class='ocr_line' id='line_1_25' title="bbox 85 3202 1312 3284; baseline -0.004 -18"><span class='ocrx_word' id='word_1_230' title='bbox 85 3213 156 3266; x_wconf 86' lang='lat' dir='ltr'>erat</span> <span class='ocrx_word' id='word_1_231' title='bbox 172 3213 315 3266; x_wconf 87' lang='lat' dir='ltr'>evectus.</span> <span class='ocrx_word' id='word_1_232' title='bbox 366 3202 521 3265; x_wconf 89' lang='lat' dir='ltr'>Ceterum</span> <span class='ocrx_word' id='word_1_233' title='bbox 542 3223 639 3284; x_wconf 87' lang='lat' dir='ltr'>saepe</span> <span class='ocrx_word' id='word_1_234' title='bbox 656 3203 790 3284; x_wconf 86' lang='lat' dir='ltr'>pluralis</span> <span class='ocrx_word' id='word_1_235' title='bbox 808 3203 1009 3284; x_wconf 86' lang='lat' dir='ltr'>pronominis</span> <span class='ocrx_word' id='word_1_236' title='bbox 1028 3211 1203 3284; x_wconf 84' lang='lat' dir='ltr'>usurpatur</span> <span class='ocrx_word' id='word_1_237' title='bbox 1220 3203 1312 3282; x_wconf 83' lang='lat' dir='ltr'>quasi</span> 
     </span>
    </p>
   </div>
   <div class='ocr_carea' id='block_1_5' title="bbox 87 3310 1404 3392">
    <p class='ocr_par' dir='ltr' id='par_1_8' title="bbox 87 3310 1404 3392">
     <span class='ocr_line' id='line_1_26' title="bbox 87 3310 1404 3392; baseline -0.003 -16"><span class='ocrx_word' id='word_1_238' title='bbox 87 3315 129 3376; x_wconf 90' lang='lat' dir='ltr'>de</span> <span class='ocrx_word' id='word_1_239' title='bbox 156 3315 304 3376; x_wconf 89' lang='lat' dir='ltr'>universa</span> <span class='ocrx_word' id='word_1_240' title='bbox 336 3314 475 3375; x_wconf 83' lang='lat' dir='ltr'>factione</span> <span class='ocrx_word' id='word_1_241' title='bbox 500 3314 770 3375; x_wconf 80' lang='lat' dir='ltr'>adversariorum.</span> <span class='ocrx_word' id='word_1_242' title='bbox 820 3313 907 3374; x_wconf 90' lang='lat' dir='ltr'>Vide</span> <span class='ocrx_word' id='word_1_243' title='bbox 933 3314 1028 3374; x_wconf 86' lang='lat' dir='ltr'>etiam</span> <span class='ocrx_word' id='word_1_244' title='bbox 1055 3311 1195 3374; x_wconf 81' lang='lat' dir='ltr'>Kiihner</span> <span class='ocrx_word' id='word_1_245' title='bbox 1220 3310 1254 3372; x_wconf 84' lang='lat'>11</span> <span class='ocrx_word' id='word_1_246' title='bbox 1278 3332 1310 3392; x_wconf 93' lang='lat' dir='ltr'>p.</span> <span class='ocrx_word' id='word_1_247' title='bbox 1403 3318 1404 3321; x_wconf 75' lang='grc'>’</span> 
     </span>
    </p>
   </div>
   <div class='ocr_carea' id='block_1_6' title="bbox 88 3421 1311 3615">
    <p class='ocr_par' dir='ltr' id='par_1_9' title="bbox 88 3421 1311 3615">
     <span class='ocr_line' id='line_1_27' title="bbox 88 3421 1311 3506; baseline -0.006 -17"><span class='ocrx_word' id='word_1_248' title='bbox 88 3440 150 3503; x_wconf 85' lang='grc'>77,</span> <span class='ocrx_word' id='word_1_249' title='bbox 185 3432 210 3487; x_wconf 72' lang='grc' dir='ltr'>(λ.</span> <span class='ocrx_word' id='word_1_250' title='bbox 260 3425 394 3506; x_wconf 80' lang='lat' dir='ltr'>Kriiger</span> <span class='ocrx_word' id='word_1_251' title='bbox 426 3424 468 3486; x_wconf 88' lang='lat' dir='ltr'>ad</span> <span class='ocrx_word' id='word_1_252' title='bbox 500 3423 652 3504; x_wconf 91' lang='lat' dir='ltr'>Thucyd.</span> <span class='ocrx_word' id='word_1_253' title='bbox 689 3443 725 3502; x_wconf 81' lang='lat'>3,</span> <span class='ocrx_word' id='word_1_254' title='bbox 758 3441 839 3499; x_wconf 90' lang='lat'>111,</span> <span class='ocrx_word' id='word_1_255' title='bbox 868 3439 886 3485; x_wconf 87' lang='lat'>2</span> <span class='ocrx_word' id='word_1_256' title='bbox 921 3433 953 3484; x_wconf 88' lang='lat' dir='ltr'>et</span> <span class='ocrx_word' id='word_1_257' title='bbox 985 3423 1132 3484; x_wconf 85' lang='lat' dir='ltr'>eiusdem</span> <span class='ocrx_word' id='word_1_258' title='bbox 1166 3421 1311 3483; x_wconf 87' lang='lat' dir='ltr'>Gramm.</span> 
     </span>
     <span class='ocr_line' id='line_1_28' title="bbox 90 3537 214 3615; baseline -0.008 0"><span class='ocrx_word' id='word_1_259' title='bbox 90 3537 214 3615; x_wconf 54' lang='lat'><strong>5843·</strong></span> 
     </span>
    </p>
   </div>
   <div class='ocr_carea' id='block_1_7' title="bbox 0 0 1514 5296">
    <p class='ocr_par' dir='ltr' id='par_1_10' title="bbox 0 0 1514 5296">
     <span class='ocr_line' id='line_1_29' title="bbox 0 0 1514 5296; baseline 0 0"><span class='ocrx_word' id='word_1_260' title='bbox 0 0 1514 5296; x_wconf 95' lang='lat' dir='ltr'> </span> 
     </span>
    </p>
   </div>
  </div>
 </body>
</html>
