3008 5296
696 551 743 594 Vll

641 726 880 789 Transitionem
906 724 933 810 (5
956 726 990 812 9)

314 834 355 896 de
381 856 444 916 qua
469 835 507 897 cf.
533 836 574 897 ad
601 836 745 898 Herenn.
773 838 884 917 4,26,3
893 851 928 916 5,
956 838 1119 901 inducitur

315 943 509 1008 Contractus
534 949 589 1028 qui
615 949 766 1010 recitatur
790 946 819 1032 (5
846 949 1091 1029 10—13lcum

645 1059 854 1120 Testimoniis
879 1060 906 1140 (5
933 1059 996 1145 14).

225 1166 266 1246 2).
316 1165 416 1228 Iterat
451 1176 578 1243 orator,
618 1168 785 1230 Lacritum
819 1169 916 1231 fidem
950 1191 1043 1232 suam
1077 1172 1327 1252 interposuisse;

315 1278 483 1359 scripsisse
528 1299 604 1341 eum
649 1288 681 1340 et
720 1279 912 1361 obsignasse
953 1289 1175 1356 contractum;
1216 1281 1328 1343 fratres

316 1389 400 1449 enim
434 1390 503 1450 eius
536 1389 715 1451 admodum
748 1390 973 1453 adolescentes
997 1392 1113 1466 fuisse,
1141 1393 1266 1473 itaque,
1294 1402 1329 1453 ut

314 1519 426 1560 rursus
451 1500 608 1575 inculcat,
636 1499 723 1562 hunc
740 1501 968 1583 spopondisse.
1017 1502 1200 1583 Acceptam
1217 1511 1327 1564 autem
1435 1518 1438 1522 ’

313 1610 484 1689 pecuniam
511 1610 661 1691 neglecto
691 1619 858 1673 contractu
893 1613 924 1673 in
948 1611 1010 1674 alia
1035 1632 1106 1674 esse
1131 1613 1323 1695 impensam.

315 1715 343 1802 (t
370 1719 526 1800 Ι5--ι7)·

157 1903 159 1907 Α
224 1828 267 1913 3).
319 1829 388 1891 Iam
414 1832 555 1912 primum
581 1852 646 1893 non
671 1833 749 1894 satis
774 1834 931 1895 mercium
957 1835 1029 1895 navi
1048 1853 1119 1895 esse
1137 1834 1326 1914 impositum

319 1941 457 2004 verbose
482 1942 723 2005 demonstratur
748 1941 774 2026 (5
801 1942 913 2029 18,19)
938 1952 970 2005 et
995 1943 1203 2006 confirmatur

640 2053 849 2116 Testimoniis
874 2056 901 2136 (5
928 2051 995 2139 20).

223 2161 267 2247 4).
318 2163 403 2224 Tum
430 2172 542 2226 contra
567 2164 805 2248 syngrapham,
833 2167 1007 2247 instigante
1032 2165 1150 2227 eodem
1176 2165 1325 2238 Lacrito,

312 2274 447 2336 alteram
465 2276 621 2356 pecuniae
639 2296 801 2337 summam
815 2285 961 2338 mutuam
978 2297 1051 2338 esse
1073 2284 1255 2357 sumptam,
1275 2277 1327 2336 iis-

314 2384 389 2445 dem
407 2386 569 2446 mercibus
587 2386 747 2467 oppos'itis
764 2388 892 2468 pignori
911 2386 1152 2448 demonstratur
1169 2382 1195 2468 (5
1211 2385 1327 2466 21,22)

314 2504 346 2555 et
370 2495 526 2576 probatur

640 2607 842 2669 Testimonio
868 2606 896 2692 (5
923 2608 989 2689 23).

225 2716 266 2797 5).
317 2716 355 2777 ld
381 2718 488 2831 ipsum
513 2720 633 2799 pignus
658 2719 804 2799 queritur
829 2723 938 2781 orator
963 2739 1035 2781 esse
1060 2719 1222 2794 ablatum,
1249 2740 1325 2781 cum

313 2826 512 2904 Phaselitae,
540 2837 650 2911 spreto
676 2820 863 2905 contractu,
890 2829 968 2891 nihil
994 2831 1025 2891 in
1050 2830 1155 2891 Ponto
1178 2832 1250 2892 navi
1268 2831 1325 2891 im-

313 2940 483 3019 posuerint
507 2959 614 3021 neque
638 2939 789 3001 Athenas
813 2939 1005 3002 advexerint
1029 2943 1056 3021 (5
1083 2942 1207 3019 24,25).

220 3046 264 3136 6).
314 3048 364 3110 Ita
389 3069 424 3110 se
448 3058 615 3131 tamquam
639 3071 659 3112 a
682 3052 793 3132 piratis
811 3051 851 3112 ab
869 3051 919 3113 his
937 3072 1009 3113 esse
1025 3051 1208 3114 fraudatum
1228 3051 1326 3133 idque

315 3160 346 3219 in
375 3160 478 3239 patria
503 3180 579 3236 sua,
606 3161 754 3243 quamvis
779 3160 868 3223 nulla
892 3170 1005 3242 posset
1029 3162 1171 3222 existere
1196 3170 1326 3222 contro·

259 3327 263 3334 .
313 3271 418 3331 versia
443 3269 483 3330 de
508 3290 569 3331 suo
594 3272 663 3332 iure
688 3272 714 3352 (5
742 3270 867 3351 26,27).

222 3379 265 3459 7).
315 3381 416 3441 Porro
442 3381 520 3461 quid
544 3381 665 3443 sactum
690 3383 731 3443 sit
755 3390 831 3463 post
855 3381 996 3443 reditum
1014 3402 1031 3443 e
1051 3382 1155 3443 Ponto
1173 3385 1325 3464 exponit:
1428 3449 1430 3454 ,

314 3491 346 3551 in
371 3491 497 3553 Furum
523 3492 657 3554 Portum
682 3493 854 3574 appulsam
880 3512 952 3554 esse
969 3513 1104 3568 navem;
1123 3493 1183 3554 sibi
1200 3502 1325 3569 autem,

315 3623 390 3663 cum
424 3602 501 3664 nihil
534 3623 552 3663 e
582 3623 663 3665 nave
688 3604 787 3665 eximi
812 3603 1083 3666 animadverteret
1107 3604 1327 3685 suspicionem

313 3713 433 3774 fraudis
466 3714 635 3791 incidisse;
670 3724 953 3797 conquestumque
986 3735 1022 3776 se
1045 3713 1134 3796 apud
1160 3714 1326 3776 Lacritum

314 3825 533 3905 comperisse,
567 3845 682 3887 navem
715 3845 787 3887 esse
820 3826 953 3888 fractam
978 3827 1010 3888 in
1036 3826 1141 3887 Ponto
1166 3834 1198 3886 et
1222 3824 1328 3906 hypo-

293 3934 443 3998 ¹thecam
468 3937 603 4017 periisse
627 3939 654 4016 (5
682 3938 791 4016 28-3
819 3936 841 4018 ).

223 4044 268 4127 8).
319 4043 384 4107 Sed
409 4045 488 4108 salsa
512 4046 593 4109 haec
610 4067 682 4109 esse
699 4049 761 4123 ait;
780 4047 984 4128 naufragium
1002 4048 1088 4108 enim
1106 4047 1327 4129 iacturamque

314 4157 471 4218 mercium
497 4156 575 4218 nihil
600 4159 762 4239 pertinere
786 4158 828 4219 ad
854 4157 1018 4219 debitores
1044 4177 1123 4218 suos
1148 4159 1175 4238 (5
1195 4157 1325 4237 32,33),

315 4285 399 4348 quae
423 4287 475 4329 res
501 4267 711 4330 confirmatur
735 4340 739 4345 ¹

616 4380 819 4443 Testimonio
844 4384 872 4462 (5
900 4397 916 4460 3
923 4379 1017 4460 334)

313 4498 346 4551 et
369 4489 577 4573 Argumento
602 4491 628 4575 (5
655 4510 671 4571 3
680 4491 722 4572 5).
749 4491 882 4572 de'quo
908 4489 946 4553 cs.
974 4488 1099 4570 Quintil
1128 4501 1273 4567 5,10,11.
