3008 5296
742 537 761 579 V

135 715 234 775 cunia
260 715 309 775 sui
335 713 513 775 creditoris.
542 713 619 793 Quo
636 713 721 775 iacto
738 734 756 774 e
774 715 879 775 Ponto
896 713 1045 775 Athenas
1062 713 1225 777 vehuntur
1243 711 1270 799 (5
1291 714 1345 800 53)

135 825 414 906 appellunturque
438 826 470 886 in
496 825 621 886 Furum
646 825 701 906 qui
726 825 903 886 vocabatur
928 802 1062 886 Portum
1087 823 1176 909 (ibid.
1204 826 1267 904 et5
1287 827 1360 910 28),
1455 822 1458 826 ⁵

136 944 170 997 et
204 944 280 1017 post
311 945 442 1017 tempus
476 936 553 997 satis
586 935 723 1015 longum
748 932 776 1018 (5
804 934 859 1020 29)
885 933 1004 997 Chium
1029 944 1145 1016 petunt
1169 934 1199 1020 (5
1228 936 1300 1021 53),
1328 946 1364 999 ut

135 1048 387 1122 comitarentur,
414 1048 503 1128 quod
531 1047 680 1108 conicere
705 1047 796 1122 licet,
822 1053 860 1104 τὸ
880 1052 1094 1120 ἑτερόπλουν
1114 1054 1286 1118 δάνεισμα.

186 1157 262 1218 Non
287 1136 363 1218 tulit
385 1155 448 1218 hoc
473 1176 582 1238 aequo
604 1157 713 1218 animo
730 1156 933 1232 Androcles,
953 1178 988 1219 se
1006 1149 1186 1219 defraudari
1204 1159 1359 1239 pignore,

134 1270 195 1331 sed
220 1271 447 1331 cum'interim
472 1269 613 1331 Artemo
638 1279 787 1331 mortuus
813 1278 899 1332 esset
919 1271 948 1351 (5
968 1269 1076 1349 544),
1096 1291 1195 1352 quem
1212 1276 1360 1351 peteret?

135 1380 383 1462 Apollodorum
417 1380 520 1442 noluit
553 1388 744 1462 expectare,
779 1382 834 1462 qui
868 1381 931 1443 litis
960 1389 1109 1462 tempore
1135 1379 1207 1442 Chii
1234 1380 1362 1443 videtur

133 1500 283 1553 versatus
308 1511 380 1552 esse
405 1491 456 1573 (cf.
484 1495 497 1569 5
527 1505 541 1570 5
549 1491 599 1570 3);
626 1512 802 1572 aggressus
827 1500 876 1553 est
902 1491 1087 1566 Lacritum,
1111 1492 1301 1554 Artemonis
1319 1513 1362 1553 ex

135 1623 210 1664 asse
239 1601 394 1663 heredem
420 1606 449 1682 (5
475 1601 526 1680 4),
553 1602 609 1663 lite
634 1603 835 1664 mercatoria.
887 1601 953 1682 Qui
980 1611 1173 1683 postquam,
1201 1611 1236 1664 ut
1260 1602 1361 1664 efficis

136 1734 155 1774 e
189 1717 222 1791 55
259 1726 318 1792 55,
351 1712 468 1774 frustra
491 1714 604 1794 petivit
629 1734 648 1774 a
672 1711 819 1774 debitore
845 1720 880 1774 ut
905 1712 1086 1774 Phaselitae
1111 1713 1253 1775 naucleri
1279 1714 1361 1775 redi-

135 1833 208 1884 tum
233 1831 438 1904 expectaret‚
466 1824 660 1903 exceptione
686 1843 764 1883 usus
782 1830 848 1897 est,
868 1822 979 1883 dicens
997 1843 1032 1883 se
1049 1822 1165 1884 cedere
1183 1822 1361 1885 hereditate

135 1935 165 2014 (5
192 1934 284 2012 444)
318 1954 424 2015 neque
457 1954 491 1994 se
524 1954 596 1995 esse
629 1942 844 1995 mercatorem
872 1929 924 2017 (cf.
952 1937 966 2011 5
991 1933 1050 2013 49)
1074 1953 1198 2017 neque,
1225 1942 1260 1995 ut
1285 1955 1362 1995 con·

136 2054 328 2107 sentaneum
361 2053 410 2106 est
443 2043 657 2120 concludere,
692 2064 726 2105 se
759 2043 977 2124 spopondisse
1006 2064 1066 2124 pro
1090 2044 1250 2106 fratribus
1278 2042 1361 2126 Spo-

135 2154 292 2237 pondisse
324 2157 410 2216 enim
447 2154 613 2217 Lacritum
646 2170 707 2236 pro
739 2155 888 2216 fratribus
921 2175 1025 2236 nego;
1052 2175 1127 2216 narn
1153 2159 1168 2234 5
1195 2171 1214 2232 7
1240 2160 1312 2235 et5
1341 2158 1358 2217 8

135 2265 227 2348 quod
252 2265 390 2327 affirmat
414 2265 601 2327 Androcles
619 2265 709 2326 nullo
726 2266 838 2327 nititur
854 2266 1058 2342 testimonio,
1078 2286 1277 2348 quamquam
1295 2288 1360 2329 non

136 2397 222 2438 unus
247 2376 359 2438 aderat
383 2377 474 2437 testis
499 2376 667 2458 sponsioni
693 2395 791 2458 quam
816 2375 932 2437 factam
949 2397 1021 2438 esse
1038 2385 1195 2440 autumat.
1233 2378 1359 2440 Verum

134 2488 316 2550 rectissime
341 2488 373 2548 in
397 2486 607 2568 Argumento
632 2493 669 2545 τὸ
690 2497 830 2562 πρᾶγμα
851 2495 987 2548 vocatur
1002 2495 1160 2564 πονηρόν.
1186 2487 1257 2550 Aut
1274 2491 1359 2550 enim

135 2599 360 2660 demonstrare
385 2597 525 2659 debebat
549 2599 669 2679 petitor
694 2597 861 2659 Lacritum
886 2618 958 2667 non,
976 2598 1114 2680 cessisse
1138 2599 1242 2661 fratris
1267 2599 1359 2661 here-

135 2709 237 2771 ditate
262 2706 313 2792 (cf.
336 2717 445 2770 annot.
471 2708 512 2770 ad
538 2707 623 2787 54),
649 2715 706 2769 aut
730 2715 841 2788 petere
866 2709 1058 2770 mercatoria
1082 2709 1137 2770 lite
1162 2730 1227 2771 non
1250 2710 1359 2794 Lacri-

134 2829 207 2882 tum
241 2819 299 2908 sed
327 2818 582 2901 Apollodorum.
632 2817 786 2880 Alterum
810 2827 920 2880 autem
945 2819 1042 2901 plane
1066 2819 1211 2901 neglegit
1235 2821 1357 2896 facere;

134 2951 197 3013 pro
222 2929 431 3012 Apollodoro
457 2930 547 3011 quod
572 2929 739 2992 Lacritum
764 2929 953 3011 aggreditur
978 2930 1100 2992 idcirco
1125 2931 1246 2993 factum
1270 2933 1358 2994 vide·

134 3051 206 3117 tur,
237 3041 327 3123 quod
352 3042 511 3103 incertum
536 3049 604 3102 erat
629 3060 696 3122 quo
720 3040 851 3102 tandem
876 3049 1025 3125 tempore
1050 3041 1103 3102 ille
1128 3051 1214 3104 esset
1238 3042 1358 3104 reditu-

135 3173 202 3214 rus
253 3150 407 3214 Ceterum
432 3151 514 3213 haec
538 3160 588 3212 est
612 3172 710 3213 causa
734 3172 792 3212 cur
817 3151 902 3213 illius
928 3172 1047 3214 nomen
1071 3151 1155 3214 adeo
1179 3153 1358 3215 absconda-

134 3275 189 3326 tur
222 3272 254 3325 et
285 3263 400 3338 lateat,
436 3271 472 3324 ut
505 3262 644 3324 Dareste
678 3283 708 3324 u.
735 3283 761 3324 s,
786 3261 882 3343 plane
907 3262 1089 3344 neglexerit
1113 3263 1356 3344 Apollodorum

135 3375 321 3450 nominare,
348 3382 380 3435 et
405 3373 448 3435 A.
475 3371 628 3436 Schaefer
648 3395 679 3454 p.
701 3374 765 3434 288
785 3375 854 3434 eius
871 3381 979 3456 partes
997 3375 1028 3434 in
1046 3382 1218 3436 contractu·
1231 3383 1357 3438 tantum

135 3485 279 3547 ineundo
304 3492 550 3546 commemoret.
585 3534 590 3549 .

185 3596 237 3657 De
260 3605 410 3677 tempore
433 3615 500 3678 quo
526 3615 624 3657 causa
641 3596 682 3657 sit
693 3603 770 3657 acta
785 3595 869 3657 bene
886 3605 1111 3677 exposuerunt
1127 3596 1170 3659 A.
1190 3595 1356 3674 Schaeier,

134 3706 287 3790 (Bellage
318 3728 350 3788 p.
387 3705 466 3788 290)
499 3714 531 3767 et
561 3705 653 3768 Blass
679 3727 710 3768 u.
738 3727 762 3768 s
790 3704 921 3768 Scilicet
946 3728 964 3768 e
989 3711 1004 3785 5
1029 3706 1074 3785 46
1099 3716 1132 3769 et
1156 3723 1199 3786 47
1226 3708 1357 3769 conclu-

136 3818 223 3879 ditur
248 3819 311 3879 iam
331 3818 481 3890 *instituta
504 3816 603 3878 fuisse
628 3816 747 3878 iudicia
771 3819 980 3893 mercatoria,
1008 3839 1092 3900 quae
1115 3839 1200 3880 anno
1222 3839 1250 3880 a.
1270 3817 1307 3882 C.
1325 3841 1355 3882 n.

138 3947 155 4008 3
164 3923 238 4007 56⁰,
273 3949 339 4010 quo
373 3928 452 3990 liber
484 3929 564 4002 περὶ
589 3934 703 4001 πόρων
731 3929 871 4010 scriptus
900 3937 966 4003 est,
996 3929 1048 4010 (cf.
1076 3929 1211 3991 Boeckh
1237 3928 1358 3992 Staats-

136 4034 270 4101 haush.³
292 4038 322 4114 Ι,
345 4059 376 4120 p.
396 4037 461 4119 698
481 4037 563 4120 seq.)
580 4037 726 4100 nondum
743 4039 896 4119 vigebant
912 4039 965 4121 (cs.
979 4038 1023 4101 l.l.
1041 4039 1122 4119 33),
1141 4039 1199 4101 sed
1216 4060 1356 4121 quorum

135 4151 258 4210 mentio
291 4149 325 4211 fit
354 4150 385 4211 in
410 4150 564 4211 orationis
590 4148 630 4210 de
657 4149 849 4211 Halonneso
874 4149 889 4231 5
915 4166 971 4225 12,
998 4148 1126 4217 habitae
1151 4170 1236 4211 anno
1263 4147 1355 4230 342⁰.

134 4259 243 4324 Urbes
281 4258 438 4321 Mendam
471 4267 503 4321 et
536 4257 696 4333 Scionam,
721 4260 862 4340 legimus
894 4268 1110 4323 mercaturam
1142 4261 1248 4322 facere
1280 4283 1356 4323 cum

136 4369 394 4432 Atheniensibus
425 4371 453 4453 (5
487 4369 556 4449 10);
591 4390 675 4452 quae
709 4371 805 4432 urbes
830 4391 870 4432 an
894 4371 1011 4432 fuerint
1036 4372 1068 4432 in
1093 4392 1204 4433 earum
1230 4370 1356 4434 Chalci-

136 4481 286 4542 densium
312 4501 449 4542 numero
474 4501 558 4564 quae
583 4482 665 4542 inter
690 4502 725 4543 se
749 4480 864 4543 foedus
889 4484 1010 4544 icerant
1031 4490 1063 4544 et
1080 4492 1155 4564 post
1172 4482 1355 4564 Olynthum
