3008 5296
10 1008 22 1099 ,’
114 1023 167 1084 18.
217 1027 312 1092 ἃμὲν
331 1026 431 1099 ἔλεγε
451 1030 546 1082 ταῦτ’
565 1031 608 1099 ἦν.
637 1022 711 1085 ‘Sic
737 1044 835 1106 saepe
859 1024 1041 1105 colligitur;
1067 1024 1106 1087 cs.
1131 998 1172 1088 ad
1198 1029 1286 1104 ξπ,

10 1164 15 1261 p
61 1141 93 1194 et
119 1131 274 1196 Gebauer
298 1132 453 1214 Append.
478 1132 520 1193 ad
546 1133 624 1213 Lys.
651 1154 683 1215 p.
713 1147 789 1214 350.

10 1268 13 1285 ·
108 1249 209 1308 ἄξιον
228 1252 264 1316 δέ
295 1243 393 1305 efficit
426 1244 614 1320 transitum,
646 1246 766 1307 omissa
790 1245 910 1327 copula
934 1255 970 1308 ut
996 1262 1138 1326 21,131;
1165 1247 1286 1327 46,15;

10 1328 12 1429 l
63 1353 209 1435 23‚196;
234 1353 379 1435 (additur
405 1355 499 1430 22,8;
529 1368 648 1434 24‚155
678 1365 709 1417 et
736 1355 851 1437 23,65;
877 1355 939 1436 156
958 1356 1012 1418 ubi
1029 1378 1094 1419 non
1111 1359 1286 1440 transitur).

61 1465 239 1528 Notandus
264 1467 296 1527 in
321 1464 371 1526 his
396 1465 543 1527 formulis
568 1475 618 1528 est
641 1468 781 1529 aoristus
804 1467 905 1529 verbi.
956 1466 1108 1530 Gebauer'
1133 1468 1224 1551 App.
1246 1471 1288 1532 ad

10 1562 12 1645 l
61 1577 143 1658 Lys
172 1589 284 1656 25,25.
311 1575 519 1658 Frohberger
544 1577 634 1658 App.
660 1577 711 1640 ad.
741 1579 855 1658 3o,18.

114 1706 165 1768 19.
214 1692 407 1764 βδελυρίαν
427 1689 479 1745 καὶ
500 1693 741 1765 ψευδολογίαν.
786 1687 840 1750 Sic
861 1688 920 1751 Ar.
940 1689 1028 1752 Nub.
1047 1689 1285 1767 446ῑβὸελυρὺς

60 1806 171 1869 ψευδῶν
191 1802 378 1874 ξυνκνλλητής.
420 1798 523 1881 Apud
541 1799 639 1861 Dem.
659 1801 866 1881 coniungitur
883 1821 959 1861 cum
977 1806 1102 1875 ἀναίδεια,
1117 1809 1286 1880 ἀναισχυντία

63 1909 163 1987 8νόὃὶ
192 1924 336 1990 21,151;
365 1924 484 1990 25,27;
511 1928 624 1990 43239·
714 1952 716 1956 ⁴

110 2038 164 2084 20.
214 2027 301 2094 πρός
323 2047 361 2078 τε
379 2027 446 2096 γὰρ
466 2027 505 2079 τὸ
525 2026 643 2079 πλοῖον
669 2030 730 2084 cet.
780 2022 911 2083 Poterat
935 2023 1055 2083 oratori
1080 2021 1230 2083 sufficere
1252 2031 1288 2083 ut

58 2132 239 2196 affirmaret
271 2151 354 2192 onus
387 2131 595 2212 impositum,
631 2132 721 2213 quod
746 2133 910 2214 periisset,
938 2153 1002 2194 non
1027 2132 1125 2194 fuisse
1151 2153 1286 2194 suorum

59 2243 268 2317 debitorum,
302 2261 410 2323 neque
442 2242 540 2322 igitur
575 2262 632 2304 eos
665 2243 847 2305 secundum
877 2243 984 2324 legem
1010 2245 1041 2304 in
1067 2243 1286 2306 contractibus

10 2346 13 2373 ¹
58 2355 201 2417 nauticis
238 2353 443 2414 observatam
479 2352 566 2433 (vide
598 2353 640 2414 ad
672 2357 687 2431 5
726 2353 780 2433 13)
812 2353 931 2415 liberos
963 2374 1036 2416 esse
1067 2374 1087 2415 a
1118 2354 1286 2417 reddendo

59 2474 199 2539 mutuo;
234 2464 304 2526 vult
327 2472 437 2525 tamen
461 2484 624 2545 occupare
649 2484 723 2540 eOS,
750 2485 790 2526 ne
815 2464 923 2526 dicant
948 2485 983 2527 se
1006 2466 1179 2552 pecuniam
1205 2466 1285 2528 Pan-

57 2575 200 2658 ticapaei
226 2574 343 2637 factam
367 2595 386 2636 e
410 2574 572 2636 mercibus
598 2572 770 2636 divenditis
795 2574 974 2638 collocasse
999 2577 1031 2637 in
1056 2596 1147 2638 nave.

110 2703 166 2749 22.
216 2692 421 2750 δεδανεικὼς
448 2687 626 2760 Ἀθήνηθεν
651 2686 705 2742 ἐπὶ
730 2695 773 2761 τῷ
801 2689 908 2763 ναύλῳ
934 2697 977 2762 τῷ
1004 2689 1053 2775 ele
1075 2693 1131 2744 τὸν
1153 2689 1285 2746 Πόντον.

59 2797 188 2860 Misere
213 2796 276 2858 hoc
302 2802 393 2855 ναῦλον
417 2794 608 2875 interpretes
632 2795 773 2857 vexavit.
811 2793 894 2856 Sunt
911 2796 997 2856 enim
1015 2797 1070 2877 qui
1088 2796 1285 2858 contendant

58 2929 102 2971 eo
135 2907 309 2990 significari
343 2924 467 2966 merces
500 2905 669 2987 impositas
694 2903 840 2988 (Lipsius
865 2904 906 2966 ad
932 2904 1185 2968 Meier-Schdm.
1212 2906 1283 2969 Att.

58 3021 156 3082 Proc.
183 3040 215 3101 p.
241 3017 327 3097 691,
353 3015 442 3077 Ann.
471 3016 554 3094 581;
581 3015 721 3077 Frankel
738 3024 848 3078 annot.
869 3033 934 3079 220
951 3017 992 3077 ad
1011 3016 1146 3078 Boeckh
1165 3015 1285 3079 Staats-

58 3129 204 3216 haush.).
256 3128 433 3209 Repugnat
456 3146 535 3188 vero
560 3125 652 3189 locus
677 3125 780 3207 49‚26
805 3135 838 3189 et
855 3128 949 3189 inser.
968 3148 987 3188 a
1003 3129 1073 3189 viro
1091 3127 1121 3190 d.
1140 3128 1283 3190 Fr'ankel

58 3241 140 3304 ibid.
174 3240 290 3303 allatae
316 3236 403 3321 (loco
431 3254 507 3317 32‚2
534 3257 638 3319 aeque
663 3237 799 3299 dubium
823 3237 982 3323 videtur),
1010 3238 1064 3300 ubi
1090 3239 1158 3299 sine
1184 3238 1284 3301 dubio

57 3352 224 3436 significat
247 3358 400 3413 vecturae
424 3349 582 3430 pretium;
608 3357 707 3429 atque
732 3351 778 3410 sic
795 3350 959 3430 accipiunt
976 3349 1019 3411 A.
1038 3347 1170 3411 Schafer
1188 3371 1219 3412 u.
1238 3371 1282 3425 S.;

57 3463 294 3526 Westermann
326 3481 357 3522 u.
392 3479 417 3522 s.
450 3480 483 3540 p.
519 3459 579 3534 88;
616 3459 796 3521 Hlillmann
830 3481 861 3521 u.
888 3480 913 3521 s.
940 3481 972 3541 p.
1004 3474 1085 3536 1703
1112 3458 1284 3521 Thalheim

57 3597 91 3658 p.
122 3591 208 3653 344;
235 3571 384 3632 dubitant
408 3567 544 3631 Boeckh
569 3565 597 3652 (I
623 3590 655 3650 p.
686 3567 749 3630 166
775 3578 807 3630 et
823 3589 896 3631 ann.
914 3569 948 3653 b)
965 3578 997 3630 et
1015 3568 1284 3631 Biichsenschiltz

58 3707 91 3749 u.
119 3705 148 3745 s,
174 3704 207 3765 p.
234 3683 312 3761 487.

107 3794 178 3858 Sed
209 3792 351 3855 vidimus
383 3799 416 3853 et
446 3791 619 3872 petitorem
644 3790 847 3852 Androclem
873 3811 948 3852 cum
973 3792 1063 3852 socio
1088 3798 1120 3852 ct
1144 3791 1284 3852 Aratum

56 3909 87 3988 (5
118 3903 177 3990 23)
202 3904 375 3986 pecuniam
400 3903 431 3963 in
457 3900 619 3963 mercibus
643 3901 840 3977 collocasse,
867 3921 974 3982 neque
999 3903 1066 3962 veri
1091 3901 1195 3962 simile
1217 3910 1282 3976 est,

56 4016 269 4082 Androclem
302 4022 397 4076 antea
428 4033 469 4074 ne
500 4011 637 4074 verbum
671 4012 803 4093 quidem
838 4013 1000 4074 dicturum
1032 4012 1131 4074 fuisse
1156 4011 1284 4074 dehoc

55 4130 159 4193 tertio
193 4124 370 4200 creditore3
404 4131 495 4186 ναῦλον
528 4124 625 4204 igitur
657 4123 783 4204 vulgari
817 4123 1050 4205 significatione
1075 4122 1127 4184 hic
1152 4144 1286 4205 quoque

56 4243 189 4305 dictum
221 4238 384 4300 existimo,
435 4236 511 4298 Non
544 4237 613 4297 sine
646 4256 744 4297 causa
775 4256 854 4297 vero
879 4235 920 4296 de
945 4235 1041 4297 Vries
1065 4235 1120 4317 (de
1144 4235 1285 4297 foenoris

55 4351 185 4416 nautici
210 4355 377 4410 contractu
403 4369 435 4429 p.
461 4346 519 4433 42)
545 4348 684 4427 quaerit,
712 4348 768 4428 qui
784 4346 916 4408 tandem
933 4347 1037 4427 possit
1054 4356 1200 4407 vecturae
1209 4355 1285 4424 pre-

55 4463 140 4527 tium
166 4460 392 4542 oppignerari3
419 4459 568 4520 conicere
591 4465 701 4519 tamen
725 4457 800 4518 licet
824 4458 996 4539 pecuniam
1022 4465 1169 4519 mutuam
1191 4459 1222 4518 in
1240 4458 1285 4517 in-

56 4582 191 4638 certum
216 4577 369 4634 eventum
395 4578 429 4632 ut
446 4571 490 4632 ita
515 4568 637 4646 dicam,
665 4589 737 4630 esse
762 4568 887 4645 datam,
907 4589 983 4630 cum
1000 4577 1148 4630 vectores
1165 4588 1284 4651 expec-
