3008 5296
808 568 851 629 34

781 747 796 822 §
828 743 877 806 16.

264 979 295 1040 7,
344 964 828 1037 οῦιιιςῆνόπάνιαδιοικιῡν.
868 959 1120 1044 Coniunguntur
1144 961 1225 1024 haec
1250 983 1330 1024 cum
1354 983 1452 1044 prae-

216 1072 407 1135 cedentibus
431 1093 490 1154 per
514 1070 714 1154 anaphoram
740 1073 941 1151 pronominis
965 1074 1052 1137 οὗτος.
1091 1073 1143 1134 De
1169 1094 1229 1135 usu
1255 1073 1453 1155 anaphorae

214 1183 375 1266 (eiusdem
408 1183 497 1245 verbi
531 1183 663 1244 crebrae
695 1203 714 1244 a
743 1184 850 1264 primo
875 1183 1093 1264 repetitionis,
1121 1183 1304 1245 secundum
1333 1183 1453 1246 defini-

213 1295 338 1356 tionem
363 1291 545 1368 Ciceronis,
572 1293 613 1354 de
639 1291 696 1355 Or.
726 1292 840 1377 3,206)
864 1293 952 1375 apud
979 1293 1076 1356 Dem.
1095 1293 1133 1354 cf.
1153 1293 1256 1355 Blass.
1275 1292 1351 1356 Att.
1372 1294 1452 1357 Ber.

216 1404 278 1467 III.
310 1422 408 1481 1,144
441 1400 656 1485 (quamquam
684 1403 726 1464 ad
752 1402 835 1465 hanc
860 1405 1004 1485 spuriam
1029 1405 1210 1465 orationem
1235 1404 1348 1465 minus
1375 1425 1454 1486 per-

214 1514 329 1600 tinent)
354 1526 386 1577 et
411 1513 529 1576 Straub
555 1512 622 1598 (De
645 1517 749 1596 tropis
774 1524 806 1576 et
831 1514 956 1596 figuris)
979 1536 1011 1596 p.
1044 1532 1106 1577 110
1131 1536 1164 1577 s:
1191 1515 1244 1577 ille
1269 1517 1316 1577 ait
1340 1516 1453 1578 multo

215 1627 319 1709 magis
346 1625 607 1687 Demosthenem
631 1646 670 1687 ea
694 1646 766 1687 esse
790 1625 989 1687 delectatum
1014 1646 1113 1708 quam
1131 1634 1258 1687 ceteros
1277 1625 1452 1702 Graecos;

214 1736 267 1798 hic
292 1746 399 1798 tamen
426 1744 595 1817 computat
621 1734 814 1797 Ciceronem
839 1737 1013 1817 quinquies
1039 1737 1147 1798 decies
1172 1756 1244 1798 eam
1269 1736 1451 1814 adhibere,

216 1848 269 1909 ubi
296 1847 339 1910 D.
365 1846 466 1909 semel
493 1848 602 1909 utitur.
645 1843 761 1908 Graeci
787 1848 924 1908 oratoris
949 1846 1152 1908 luculentum
1177 1846 1377 1928 exemplum
1401 1857 1453 1910 est

220 1976 352 2038 19‚334·

262 2067 315 2129 De
340 2089 400 2129 usu
426 2068 586 2149 participii
611 2074 640 2143 ἦν
661 2074 676 2124 ὁ
696 2073 795 2124 διοικῶν
820 2067 858 2129 cf.
892 2065 1007 2141 18‚62;
1034 2064 1140 2147 Krtig.
1160 2065 1307 2128 Gramm.
1332 2065 1452 2147 56,3‚4

214 2188 246 2240 et
271 2178 373 2240 multa
397 2199 440 2239 ex
465 2178 648 2240 oratoribus
669 2177 806 2239 collecta
823 2177 976 2258 exempla
992 2176 1080 2258 apud
1099 2175 1282 2257 Frohberg.
1300 2177 1347 2238 ad
1367 2178 1449 2259 Lys.

220 2291 328 2369 13.87.
379 2290 575 2372 Plerumque
609 2291 719 2351 aoristi
751 2289 959 2371 participium
992 2289 1035 2349 ita
1064 2288 1213 2368 usurpari
1238 2287 1452 2351 demonstrat

214 2399 394 2462 Schneider
426 2400 467 2462 ad
502 2401 602 2462 Isocr.
637 2414 735 2479 475,
770 2401 826 2481 qui
860 2399 936 2461 ibid.
964 2402 979 2476 ξ
1006 2399 1049 2460 80
1074 2399 1166 2459 locos
1191 2408 1368 2460 enumerat
1394 2401 1451 2462 ubi

213 2511 331 2573 eodem
357 2532 424 2592 quo
449 2532 548 2592 supra
572 2532 669 2572 sensu
695 2511 868 2573 adhibetur
892 2509 1028 2572 verbum
1054 2516 1161 2569 διιιιειν.

260 2641 292 2702 9.
342 2627 381 2678 τὰ
411 2627 524 2679 δίκαια
557 2622 643 2683 idem
677 2621 767 2703 quod
801 2626 833 2678 τὰ
860 2627 966 2692 δέοντα,
993 2625 1027 2676 τὰ
1051 2627 1215 2695 προσήκοντα
1241 2636 1317 2699 3,3;
1345 2638 1451 2701 4‚13;

215 2734 292 2812 8‚47
326 2742 388 2795 cet,
423 2739 502 2791 ποιεῖν
521 2738 555 2790 τὰ
576 2737 660 2791 δίκαια
684 2734 786 2795 variat
811 2752 886 2794 cum
911 2736 1037 2805 πράττειν
1057 2735 1090 2787 τὰ
1110 2735 1134 2786 ὃ.
1168 2737 1204 2792 ut
1235 2730 1338 2793 docet
1372 2732 1454 2795 Fox

213 2844 254 2906 ad
280 2843 337 2907 Or.
364 2864 424 2926 pro
451 2842 573 2926 Megal.
606 2861 655 2906 10.

262 2957 293 3018 8,
342 2959 447 3018 αὐτὸς
465 2960 557 3011 -τὸν
578 2960 767 3026 δ’ὰσελφύν.
809 2955 862 3010 llo
879 2950 1038 3013 omittitur
1052 2951 1224 3031 quoniam,
1241 2960 1276 3012 ut
1291 2953 1451 3030 videtur,

214 3067 246 3128 in
270 3067 375 3148 prima
399 3071 491 3146 parte
516 3066 695 3127 sententiae
715 3063 862 3126 nondum
879 3062 920 3123 de
936 3061 1032 3122 fratre
1049 3063 1221 3143 cogitatur.
1248 3061 1452 3144 Aliquando

213 3185 323 3239 tamen
348 3175 450 3260 (velut
475 3174 508 3238 S.
535 3176 564 3237 T
565 3176 652 3239 rach.
684 3175 760 3261 197)
786 3173 982 3236 reclamante
999 3174 1159 3234 sententia
1174 3173 1276 3236 abest.
1295 3174 1337 3236 cf.
1360 3176 1452 3239 Har-

213 3296 305 3370 tung.
335 3288 447 3352 Ueber
471 3288 523 3349 die
549 3288 712 3349 Partikeln
738 3287 764 3349 1.
790 3307 822 3368 p.
855 3284 928 3365 163.
960 3283 1023 3362 164
1047 3283 1090 3346 A.
1117 3292 1149 3345 et
1174 3304 1259 3365 quae
1283 3283 1450 3351 Schoem.

214 3400 291 3461 citat
315 3400 357 3461 ad
383 3400 464 3461 Isae.
491 3398 589 3477 6‚44,
615 3408 713 3480 atque
738 3395 890 3460 Gebauer
915 3397 946 3457 in
971 3394 1062 3476 App.
1087 3395 1129 3456 ad
1155 3395 1234 3476 Lys.
1260 3416 1292 3477 p.
1321 3411 1407 3477 451.

267 3527 316 3573 10,
365 3514 592 3584 ἐπιδημήσειν
618 3512 772 3585 Ἀθήνησι.
807 3516 919 3569 contra
944 3504 1068 3568 Aesch.
1097 3506 1216 3586 3,258:
1242 3510 1451 3583 ἐπιδημήσαντα

214 3623 251 3685 εἰς
272 3626 317 3694 τὴν
337 3623 415 3676 πόλιν.
437 3614 521 3703 (D.)
558 3632 676 3698 59,37:
710 3620 746 3682 εἷς
772 3620 905 3694 Μέγαρα;
941 3616 1020 3679 Plat.
1055 3617 1160 3679 Parm.
1200 3615 1311 3678 126A
1339 3622 1449 3695 δεῦρο,

215 3727 348 3789 Phaedo
388 3742 427 3806 57
458 3727 492 3789 A
528 3732 706 3804 ἐπιχωριάζει
741 3733 869 3804 Ἀθήναζε.
930 3728 1114 3789 Praesentia
1150 3735 1259 3788 autem
1299 3727 1448 3805 Lacriti,

215 3838 414 3900 fideiussoris
440 3847 475 3900 ut
499 3839 619 3920 petitor
643 3840 700 3914 ait,
728 3839 910 3901 necessaria
935 3847 1002 3899 erat
1018 3846 1192 3919 propterea
1210 3837 1301 3919 quod
1320 3840 1449 3921 pignus

213 3949 436 4012 amovebatur.

267 4077 317 4122 11.
367 4063 583 4116 πλεύσεσθαι
612 4062 664 4116 ἐπὶ
695 4066 757 4123 ταῖς
790 4067 965 4136 χρήμασι,
1001 4059 1088 4120 idem
1121 4058 1211 4140 quod
1243 4063 1360 4117 ἐπιπλεῖν
1386 4070 1446 4127 ταῖς

215 4175 357 4243 ἐμπορίαις
389 4166 476 4247 56,8.
516 4168 654 4230 Homeri
679 4175 785 4230 aetate
809 4173 928 4242 ἔμπυρος
955 4168 1134 4231 vehebatur
1151 4176 1210 4244 νηὸς
1232 4175 1273 4226 ἐπ’
1293 4174 1445 4245 ἀλλοτρίης

218 4279 297 4364 (Οά.
338 4280 486 4363 24,3oo).
538 4279 587 4339 Ita
622 4288 738 4359 postea
770 4300 904 4361 quoque
936 4289 1098 4342 mercator
1131 4298 1229 4361 saepe
1263 4281 1449 4361 opponitur

215 4396 351 4466 ναυκλήρῳ
384 4391 494 4472 (33,1;
532 4406 628 4469 32‚1;
665 4390 750 4452 Xen.
777 4391 818 4452 de
842 4391 937 4454 Vect.
967 4390 1052 4476 3,4)‚
1079 4391 1280 4472 quinetiam
1305 4400 1449 4453 vocatur

215 4505 341 4577 ἐπιβάτης
372 4516 467 4581 32‚4;
497 4498 607 4581 56,1o.
659 4501 856 4583 Plerumque
872 4507 990 4578 ἔμπορος
1009 4502 1183 4565 comitatur
1200 4520 1327 4563 merces
1347 4519 1445 4582 33,4;
