3008 5296
112 1057 149 1118 p.
176 1048 289 1115 935‚2.
339 1035 393 1096 De
416 1035 551 1096 transitu
576 1055 635 1115 per
661 1041 717 1101 μέν
742 1042 774 1095 et
798 1040 955 1096 τοιοῦτος
980 1032 1064 1093 lacto
1086 1030 1125 1092 cf.
1143 1030 1184 1092 ad
1202 1030 1215 1109 ξ
1235 1047 1288 1106 24.

113 1164 148 1222 4.
198 1148 544 1219 πρὺςὺμᾶςαύτούς
580 1145 671 1207 velut
708 1162 800 1224 13,2;
837 1142 954 1218 20,61;
994 1142 1074 1222 163;
1112 1141 1206 1221 36,8;
1233 1154 1288 1219 45.

61 1256 166 1317 Plura
199 1276 251 1336 ap.
286 1253 465 1316 Schneider
496 1255 538 1316 ad
572 1256 672 1318 Isocr.
710 1268 780 1335 5‚9,
815 1263 847 1316 et
879 1255 954 1315 Fox
987 1251 1044 1316 Or.
1078 1273 1138 1334 pro
1173 1253 1289 1334 Mego-

61 1366 135 1448 101>-
163 1370 179 1444 t
205 1384 237 1445 9·

113 1495 147 1553 4.
197 1478 501 1552 Ξάτεῆὴκούαατε.
550 1476 676 1539 Eadem
700 1475 868 1538 antithesis
895 1476 992 1537 Dem.
1024 1475 1163 1552 18,248;
1187 1473 1288 1536 Isocr.

68 1587 205 1664 12,Ιὸ8.
256 1588 348 1650 Plato
372 1588 481 1650 Alcib.
507 1587 540 1649 Π
571 1606 629 1665 Ι4Ι
660 1588 705 1649 Ε;
733 1591 780 1645 οὐκ
799 1589 885 1645 ἄλλων
906 1594 1051 1662 ἀκηκόαμεν
1072 1588 1126 1642 ἀλλ’
1147 1586 1222 1642 αὐτοὶ
1243 1609 1288 1640 πα·

62 1704 159 1772 ρόντες
182 1699 296 1767 οἴδαμεν.
350 1697 481 1760 Confert
514 1699 541 1759 F
544 1698 636 1761 rohb.
669 1699 711 1760 ad
744 1699 823 1783 Lys.
862 1715 1001 1773 12,too:
1036 1695 1093 1758 Cle
1126 1696 1220 1757 Verr.
1254 1695 1287 1756 V

65 1807 188 1885 27,68:
228 1808 399 1871 lautumias
436 1830 550 1871 omnes
582 1810 717 1871 audistis
750 1808 897 1891 plerique
929 1809 1048 1883 nostis;
1082 1807 1156 1869 vide
1191 1807 1288 1867 etiam

63 1918 221 1982 Schneid.
247 1921 289 1982 ad
315 1921 415 1983 Isocr.
445 1935 531 2000 5‚42.
581 1921 763 1983 Perfectum
787 1940 866 1983 vero
891 1940 966 1981 cum
990 1920 1126 1981 Aoristo
1149 1919 1195 1980 sic
1212 1937 1288 1978 con-

63 2032 229 2092 sociatum
254 2052 343 2107 esse,
369 2052 434 2093 non
459 2040 509 2093 est
533 2032 623 2112 quod
640 2033 764 2093 mireris
775 2054 782 2107 ;
801 2031 839 2093 cf.
861 2048 956 2110 20,3;
978 2028 1119 2106 21,126;
1138 2037 1171 2090 et
1187 2027 1289 2088 multa

62 2142 128 2203 alia
160 2161 244 2222 quae
277 2143 399 2204 Weber
431 2143 630 2224 comparavit
661 2143 703 2204 ad
726 2142 983 2205 Aristocrateam
1009 2145 1024 2220 §
1055 2142 1116 2230 178
1143 2162 1174 2222 p.
1201 2140 1286 2217 480,

63 2252 187 2334 quibus
211 2253 312 2315 addas
338 2253 413 2315 licet
439 2268 558 2334 27‚49;
585 2271 697 2333 3411.

118 2376 146 2441 5.
196 2364 262 2420 κατ’
282 2369 451 2437 ἐμπορίαν
483 2373 519 2425 ul
551 2382 671 2445 49‚31:
702 2369 757 2424 κατ’
777 2372 907 2441 ἐμπορίαν
927 2369 992 2424 ἰδίαν
1012 2372 1155 2440 ἀποδημῶν
1180 2363 1218 2425 cf.
1245 2362 1287 2424 lb.

67 2488 122 2553 51.
174 2474 274 2535 Isocr.
306 2489 399 2552 17‚4:
429 2479 579 2546 ἐξέπεμψεν
599 2480 655 2545 ἅμα
675 2479 730 2534 κατ’
749 2481 878 2550 ἐμπορίαν
898 2477 939 2533 καὶ
958 2480 1025 2533 κατὰ
1044 2479 1172 2547 θεωρίαν,
1222 2471 1287 2534 Sed

63 2584 182 2670 (Dem)
218 2598 291 2664 5²⁹3
322 2591 443 2664 ἐφ’έτέρᾳ
464 2594 605 2663 ἀποδημῶν
624 2593 747 2665 ἐμπορίᾳ.
797 2588 894 2650 Plura
917 2608 968 2669 ap.
996 2577 1104 2648 Rehd.
1129 2584 1285 2667 Append.

62 2697 108 2759 ad
135 2697 279 2779 Lycurg.
305 2699 319 2772 ἓ
347 2711 398 2777 55.
425 2708 457 2760 et
482 2698 584 2762 Indic.
609 2700 650 2762 ad
677 2701 774 2762 Dem.
800 2700 833 2761 II
859 2721 884 2762 s
910 2721 940 2762 v.
966 2704 1041 2756 κατά.

115 2824 146 2886 7.
196 2819 257 2866 πᾶν
270 2847 301 2855 -
315 2814 511 2868 τούναντίον
534 2819 626 2873 extra
639 2812 915 2873 constructionem
929 2819 978 2871 est
990 2810 1152 2891 positum,
1169 2816 1204 2868 ut
1218 2814 1287 2864 οοοῐν

62 2918 200 2991 οᾶτερον,
220 2922 303 2976 ταύτὸ
324 2929 420 2998 τοῦτο,
448 2922 538 3002 quod
561 2930 649 2984 amat
673 2922 765 2984 Plato
790 2922 963 3004 (invenitur
983 2928 1093 2982 autem
1119 2919 1216 2979 etiam
1233 2938 1285 2998 ap.

64 3028 168 3090 Dem.
202 3045 319 3109 21,39;
354 3049 414 3110 333
440 3040 473 3093 at
502 3049 624 3112 19,19o
649 3037 734 3090 ταῦτα
754 3041 839 3090 ταῦτα
865 3040 901 3093 ut
925 3031 971 3093 Pl.
997 3031 1127 3109 Protag.
1157 3046 1222 3108 344
1242 3027 1286 3112 D)

63 3146 130 3200 cet.
156 3158 240 3219 quae
264 3140 338 3201 vide
362 3161 414 3222 ap.
441 3143 548 3223 Krtig.
575 3142 700 3222 46,3,3.

114 3249 169 3310 De
201 3247 282 3310 locis
315 3251 419 3331 qualis
452 3261 501 3314 est
535 3270 627 3333 l9‚2:
654 3257 715 3316 τοὺς
739 3257 785 3321 μὲν
806 3255 947 3317 ἀλλοὺς-
965 3256 1053 3326 -τὴν
1073 3254 1206 3323 ἀειλογίαν
1227 3256 1286 3322 ὁρῶ

62 3366 300 3431 προτεινομένους,
320 3363 421 3424 τουτονὶ
442 3365 471 3418 δὲ
491 3365 557 3421 πολὺ
577 3368 699 3419 τάναντία
712 3363 819 3418 τούτου·
838 3396 870 3404 -
886 3395 918 3403 -
932 3361 1045 3434 ἀνῄρηκε
1062 3367 1130 3420 cet:
1151 3359 1205 3419 ubl
1222 3377 1287 3418 non

62 3467 216 3529 absolute
249 3469 363 3531 eadem
397 3471 559 3555 dicuntur
581 3472 654 3534 vide
680 3470 802 3531 Weber
825 3469 867 3530 ad
894 3485 954 3548 23,
981 3468 995 3548 l
1026 3470 1106 3545 128;
1134 3467 1286 3530 Schneid.

63 3579 119 3641 ad.
147 3579 247 3641 Isocr.
272 3580 360 3658 7‚76.
411 3582 463 3643 De
480 3587 545 3642 πολὺ
567 3586 730 3656 τούναντίον,
750 3601 815 3642 non
832 3580 989 3641 mutando
1007 3580 1038 3642 in
1056 3592 1105 3639 πον
1119 3604 1140 3637 τ.
1167 3579 1286 3641 Matzn.

63 3689 108 3751 ad
134 3689 273 3771 Antiph.
300 3691 352 3767 ΙΙ,
378 3699 412 3766 ο,
439 3712 470 3773 9.

116 3814 146 3876 7.
196 3803 244 3864 εἰς
273 3806 329 3858 τὸν
356 3804 419 3862 ltu
445 3791 533 3866 οἶνος
563 3805 745 3876 εἰσάγεται
766 3810 801 3863 ut
824 3809 914 3882 patet
938 3822 981 3862 ex
1006 3821 1125 3882 magno
1150 3821 1288 3862 numero

63 3911 322 3999 fragmentorum
352 3932 506 3973 vasorum
531 3911 676 3974 fictilium
702 3932 786 3994 quae
810 3912 925 3988 hodie,
952 3913 1142 3994 praesertim
1167 3913 1198 3973 in
1224 3914 1286 3974 situ

65 4021 157 4083 urbis
197 4019 329 4098 Olbiae,
372 4024 587 4086 inveniuntur.
637 4022 720 4086 Sunt
759 4031 869 4086 autem
908 4025 982 4085 vina
1019 4043 1059 4084 eo
1096 4024 1285 4104 importata,

63 4131 283 4193 indicantibus
316 4133 578 4214 inscriptionibus
611 4140 781 4209 vasorum,
808 4154 961 4215 magnam
986 4141 1112 4215 partem
1137 4131 1285 4207 Rhodia,

64 4240 200 4317 Cnidia,
227 4240 362 4317 Thasia,
390 4242 431 4305 de
456 4244 575 4325 quibus
599 4246 685 4307 vasis
703 4244 908 4306 conferantur
925 4243 1192 4306 Btichsenschtitz
1209 4265 1240 4306 u.
1260 4264 1285 4305 s.

61 4374 96 4435 p.
139 4368 225 4430 422;
269 4353 449 4417 Hermann.
500 4354 735 4418 Privatalterth.
777 4351 877 4438 (edid.
916 4354 1071 4416 Bltimner
1112 4352 1211 4439 1882)
1253 4375 1285 4438 p.

64 4480 135 4543 230
161 4483 186 4526 S.
