3008 5296
107 1046 163 1090 10.
213 1034 227 1086 ὃ
244 1030 279 1085 δὲ
293 1032 426 1084 πάντων
444 1030 650 1082 δεινότατον.
685 1021 804 1082 Miram
817 1019 929 1082 talium
944 1019 1196 1101 explicationem
1210 1038 1284 1100 pro-

50 1141 172 1224 posuit
198 1137 344 1199 Matzner
368 1134 410 1196 ad
432 1133 577 1213 Lycurg.
601 1149 635 1193 11
658 1154 690 1214 p.
709 1145 749 1212 95
765 1155 771 1192 :
790 1130 962 1193 articulum
980 1130 1094 1192 abesse
1111 1136 1285 1211 propterea

51 1249 154 1332 quod
186 1247 403 1330 superlativus
433 1245 538 1306 vicem
564 1242 697 1324 impleat
722 1241 950 1322 comparativi!
1002 1239 1068 1302 Sed
1092 1261 1159 1321 quo
1184 1239 1285 1300 modo

53 1359 243 1443 explicaret
276 1355 419 1438 exempli
445 1373 544 1416 causa
567 1353 678 1415 locum
702 1373 754 1434 ap.
781 1351 861 1414 Plat.
888 1349 1053 1412 Phaedon.
1080 1349 1142 1425 66,
1172 1350 1221 1411 D:
1254 1356 1285 1407 τὸ

53 1475 202 1549 δ’ἔσχστον
221 1474 336 1543 πάντων,
358 1471 400 1524 ὅτι
416 1470 473 1526 -?
523 1464 647 1540 Imm0,
674 1462 828 1545 superlat.
855 1470 904 1524 est
928 1461 1168 1543 praedicatum,
1196 1460 1286 1541 quod

53 1597 231 1644 vocamus.

115 1708 167 1753 11.
218 1694 273 1746 δεῖ
292 1689 324 1749 in
341 1687 404 1749 hoc
421 1687 588 1749 tritissimo
605 1687 740 1748 transitu
760 1687 866 1748 minus
885 1705 982 1767 saepe
999 1683 1171 1746 adhibetur
1188 1703 1287 1764 quam

59 1810 129 1881 χρή.
178 1800 386 1864 Uberrimam
416 1797 644 1880 exemplorum
680 1798 808 1879 copiam
841 1794 1069 1858 huiuscemodi
1100 1794 1288 1856 transeundi

58 1912 279 1974 formularum
303 1909 438 1992 praebet
462 1908 614 1971 Gebauer
638 1908 728 1990 App.
754 1908 796 1969 ad
822 1908 900 1987 Lys.
929 1919 1040 1986 25,19.

110 2028 180 2098 γάρ
205 2023 236 2083 in
261 2020 325 2082 hoc
350 2029 512 2082 commate
536 2029 585 2081 ter
609 2021 782 2101 repetitur;
810 2018 899 2099 quod
920 2016 1016 2079 facile
1030 2017 1171 2078 incuriae
1189 2017 1314 2097 scrip,

60 2136 146 2198 toris
178 2132 380 2207 attribueris;
412 2131 487 2193 vide
518 2140 627 2192 tamen
653 2131 732 2191 Piat.
759 2128 860 2211 Apol.
886 2146 932 2206 40
957 2128 1007 2203 A,
1035 2128 1090 2189 ubi
1115 2129 1289 2208 quinquies

63 2247 196 2327 legitur.
247 2244 336 2304 Raro
360 2263 438 2304 vero
464 2242 548 2303 duae
573 2242 750 2303 sententiae
774 2260 832 2321 per
857 2245 912 2316 γάρ
937 2239 1126 2321 incipientes
1152 2235 1201 2321 (ut
1217 2238 1287 2299 hic:

63 2357 145 2418 οὗτος
177 2359 233 2429 γάρ
261 2389 293 2398 -
320 2357 411 2427 ἐπειδὴ
439 2352 508 2437 γάρ)
545 2353 710 2435 explicant
745 2352 874 2413 tertiam
910 2349 1177 2432 praecedentem:
1215 2349 1289 2410 vide

64 2463 223 2527 Schneid.
248 2462 290 2524 ad
315 2462 417 2525 lsocr.
443 2479 557 2541 4172.

121 2591 171 2636 12.
220 2581 257 2633 τὸ
277 2578 446 2648 ὑμέτερον
466 2580 642 2648 ἐμπόριον.
684 2573 879 2654 Emporium
896 2567 948 2655 (cf.
968 2569 1205 2632 Wachsmuth:
1226 2569 1289 2630 Die

64 2686 164 2749 Stadt
187 2683 300 2747 Athen
325 2685 369 2745 im
393 2683 600 2760 Alterthum,
630 2685 663 2761 I,
689 2707 721 2766 p.
751 2683 829 2770 323)
855 2705 893 2745 ea
909 2705 983 2766 pars
1001 2691 1050 2744 est
1068 2683 1169 2744 Piraei
1188 2702 1288 2762 quae,

64 2799 224 2861 onerariis
257 2797 434 2872 destinata,
468 2797 510 2858 ad
544 2801 780 2879 septentriones
813 2799 934 2879 vergit,
969 2797 1163 2879 prominenti
1190 2794 1291 2876 ligula

64 2917 218 2990 separata
241 2908 282 2969 ab
307 2929 345 2970 ea
368 2917 460 2990 parte
485 2929 569 2990 quae
595 2911 741 2984 liavuapoo
761 2915 833 2985 λιμήν
857 2909 961 2985 audit,
980 2909 1148 2991 (Bursian:
1168 2905 1289 2987 Geogr.

62 3042 98 3083 v.
127 3017 311 3080 Griechenl.
338 3019 371 3095 Ι,
387 3041 430 3100 ·p.
458 3019 537 3101 266)
563 3020 616 3081 ubi
642 3030 771 3078 νεώσοικοι
796 3030 828 3082 et
852 3028 996 3098 σκευοθήκη
1021 3029 1107 3082 sunt.

123 3147 173 3209 13,
222 3131 269 3193 εἰς
297 3140 421 3202 φωρῶν
447 3132 481 3185 δὲ
507 3133 624 3199 λιμένα
646 3133 864 3202 ὁρμίζονται.
913 3130 1028 3192 Lectio
1053 3150 1130 3192 sana
1155 3128 1291 3190 debetur

66 3240 231 3304 Palmerio
264 3237 538 3324 (Exercitationes
570 3241 602 3301 in
634 3240 799 3302 Auctores
830 3239 985 3326 Graeos);
1012 3240 1181 3323 legebatur
1205 3241 1292 3301 enim

66 3356 205 3426 εἰσφορῶν
226 3356 325 3419 λιμένα.
373 3350 440 3431 Qui
473 3351 564 3413 locus
594 3372 672 3413 vero
706 3354 752 3412 sic
769 3353 818 3414 *sit
843 3353 1101 3415 denominandus
1126 3373 1191 3414 non
1216 3372 1292 3413 con-

67 3473 158 3526 stare
182 3463 319 3525 videtur.
369 3462 455 3523 Nam
481 3461 698 3524 Wachsmuth
723 3464 768 3546 (u.
794 3484 819 3525 s.
846 3484 878 3545 p.
910 3465 986 3544 121)
1011 3475 1110 3540 φορῶν
1131 3467 1203 3538 λιμὴν
1221 3483 1292 3524 esse

67 3577 115 3637 ait
140 3574 281 3635 eundem
306 3574 362 3654 qui
386 3572 484 3634 hodie
509 3583 643 3635 vocatur
671 3574 913 3656 „Trapezona”
964 3575 1024 3637 Est
1045 3584 1154 3636 autem
1171 3575 1292 3657 Trape-

42 3705 153 3774 ·zona
183 3694 298 3766 portus
331 3705 373 3746 ex
406 3685 543 3746 adverso
575 3684 668 3766 phari
701 3686 824 3748 insulae
858 3687 1050 3767 Psyttaliae,
1082 3689 1107 3748 si
1134 3687 1213 3748 fides
1238 3687 1293 3748 ha-

66 3797 179 3860 benda
210 3803 259 3857 est
290 3795 420 3857 tabulae
454 3797 485 3856 in
518 3796 698 3858 Baedekeri
731 3797 949 3886 descriptione
982 3796 1138 3860 Graeciae
1173 3797 1291 3860 oblata.

70 3907 196 3970 Contra
220 3907 356 3968 Bursian
380 3911 425 3990 (u.
453 3928 477 3968 s.
505 3907 537 3982 1,
564 3928 596 3989 p.
618 3907 778 3993 270,271)
803 3909 943 3971 eundem
961 3929 1033 3970 esse
1050 3911 1110 3983 ait,
1130 3910 1185 3991 qui
1205 3909 1293 3991 apud

71 4020 159 4082 Xen.
188 4017 276 4080 Hell.
304 4034 412 4096 2,4,31
441 4017 560 4099 legitur
593 4026 681 4094 κοφὺς
704 4023 792 4096 λιμήν,
819 4020 918 4081 hodie
943 4019 1123 4103 (Wachsm.
1141 4041 1173 4102 p.
1198 4022 1291 4101 123):

71 4131 299 4206 Κρομμοσοροῠ,
333 4132 461 4210 (portus
493 4132 575 4192 inter
600 4131 749 4192 Piraeum
774 4141 806 4193 et
831 4131 1078 4214 Trapezonam).
1129 4133 1203 4214 Ego
1228 4152 1293 4192 non

70 4244 178 4306 ausim
211 4241 392 4324 quidquam
424 4250 583 4319 statuere;
610 4243 702 4304 locus
728 4244 813 4304 enim
839 4242 1006 4306 Strabonis
1032 4265 1059 4306 e.
1089 4257 1214 4324 395,14
1239 4244 1294 4304 de·

70 4355 256 4419 scribentis:
271 4361 334 4431 ὅρνς
358 4392 391 4401 -
414 4362 428 4414 ὃ
448 4362 563 4415 καλεῖται
589 4358 762 4432 Κνρυδαλλός
787 4394 818 4403 -
844 4394 872 4403 -
898 4359 943 4416 εἶθΙ
966 4365 981 4415 ὁ
1002 4370 1104 4432 φωρῶν
1124 4363 1196 4434 λιμὴν
1216 4358 1293 4432 καὶὴ

75 4470 227 4525 Ψυττάλεια
250 4501 281 4511 -
307 4501 338 4511 -
361 4466 411 4523 εἷθ’
433 4472 448 4524 ὁ
470 4468 607 4541 Πειραιεύς
635 4468 763 4549 utrique
787 4467 881 4531 favet.
917 4467 1046 4529 Tertius
1064 4466 1156 4529 locus
1174 4465 1293 4550 (Bekk.

1177 4604 1194 4653 4
