3008 5296
797 539 839 620 36

204 736 336 816 ponitur
362 736 415 796 ubi
441 735 534 796 malis
558 736 634 796 οὖτος
664 747 761 812 7,45;
787 732 909 811 44,68;
936 733 977 795 de
994 755 1060 815 qua
1077 756 1111 797 re
1128 746 1230 816 agunt
1247 737 1378 798 Weber
1394 739 1438 799 ad

207 848 349 925 23‚128;
377 846 523 907 Matzner
546 845 587 905 ad
614 844 759 924 Lycurg.
786 863 861 924 pag.
890 859 966 922 307.

256 957 306 1017 18,
356 958 435 1013 οὔτε
456 962 543 1031 μέγα
564 957 645 1012 οὔτε
665 962 793 1026 μικρόν.
819 953 857 1015 cf,
889 969 1007 1033 19,I7;
1033 957 1155 1033 48,44;
1182 971 1254 1036 9‚5;
1287 958 1437 1037 18,139:

203 1067 267 1122 οὔτε
287 1072 379 1133 μεῖζον
399 1064 453 1122 οὔτ’
473 1067 596 1138 ἔλαττον;
632 1081 752 1143 33‚13;
781 1081 900 1141 21,14:
926 1065 967 1119 καὶ
987 1069 1071 1136 μικρὰ
1091 1067 1132 1122 καὶ
1152 1072 1237 1134 μείζω
1263 1066 1302 1129 ef.
1331 1067 1437 1147 9,69;

204 1174 324 1236 Dissen
349 1173 392 1235 ad
417 1171 493 1236 Cor.
525 1191 598 1252 139.
649 1173 762 1236 Stallb.
788 1175 830 1236 ad
855 1174 935 1237 Plat.
961 1173 1062 1255 Apol.
1094 1192 1133 1253 19
1159 1196 1186 1238 e.

255 1302 305 1364 19,
355 1292 396 1348 ὡς
425 1287 509 1340 αὐτὸ
535 1290 573 1340 τὸ
599 1287 701 1358 ἔργον
726 1289 878 1360 ἐδήλωσε
911 1293 947 1345 ut
983 1283 1122 1363 19,167;
1155 1286 1235 1366 1963
1263 1287 1301 1349 cf.
1333 1305 1437 1368 21,9;

208 1412 289 1469 110;
318 1392 437 1471 24‚16;
466 1390 562 1472 7'‚32;
591 1392 713 1454 Weber
737 1394 777 1454 ad
804 1393 963 1456 Aristoer.
988 1411 1038 1472 13.
1080 1393 1170 1456 Alibi
1188 1405 1219 1451 τὸ
1239 1404 1320 1473 ἔργον
1338 1399 1440 1460 abest

202 1514 237 1566 ut
268 1519 398 1585 19‚157.
450 1502 617 1565 Heindorf
634 1503 674 1564 ad
701 1503 843 1565 Platonis
870 1505 972 1586 Hipp.
1000 1505 1078 1567 Mai.
1106 1508 1120 1584 ξ
1152 1508 1189 1567 18
1216 1502 1304 1590 (pag.
1332 1505 1437 1594 141),

202 1615 343 1695 Blaydes
367 1615 408 1676 ad
433 1614 493 1675 Ar.
521 1614 600 1693 LyS.
629 1626 691 1692 375
721 1613 761 1674 de
787 1615 882 1675 simili
907 1615 1073 1675 locutione
1098 1619 1165 1672 αὐτὸ
1186 1621 1278 1679 δείξει.

250 1743 303 1787 20.
353 1729 387 1798 ἢν
408 1732 422 1780 ὁ
443 1727 626 1798 ἐξηγητής.
677 1723 729 1784 De
750 1725 888 1786 articulo
905 1725 1015 1786 confer
1032 1723 1172 1785 Kiihner
1190 1724 1241 1800 II,
1260 1748 1292 1807 p.
1315 1741 1438 1806 5144.

250 1852 303 1898 21,
351 1836 422 1890 καθ’
455 1837 599 1889 ἕκαστον
632 1844 696 1889 τῶν
728 1858 823 1909 γεγρ.
854 1838 1026 1897 ἐπιδείξω.
1084 1833 1321 1916 coniungenda
1357 1849 1440 1900 sunt

200 1949 322 2008 ἐπιδειῗω
348 1955 380 2006 et
403 1948 487 2017 κατά,
513 1963 579 2004 non
604 1944 690 2004 enim
714 1943 768 2005 hic
793 1944 879 2005 idem
904 1949 971 2001 κατά
997 1944 1238 2006 distributivum
1267 1945 1438 2012 habemus

200 2055 291 2136 quod
324 2076 351 2117 e.
378 2075 405 2116 c.
442 2070 585 2133 24,194:
611 2056 670 2110 καθ’
694 2061 802 2112 έκάστον
829 2061 863 2112 ὧν
889 2061 951 2129 ἐρεῖ
973 2059 1095 2112 δεικνύναι
1115 2059 1247 2128 βούλομαι
1267 2068 1440 2132 φενακισμοῦ

199 2169 272 2221 ἕνεκα
297 2171 471 2240 ῥηθησόμενα
505 2164 549 2225 ita
581 2172 616 2225 ut
648 2167 707 2220 καθ’
727 2168 837 2221 ἕκαστον
862 2185 890 2227 c.
917 2164 999 2227 Gen.
1026 2166 1170 2227 obtineat
1194 2186 1290 2228 casus
1314 2167 1437 2231 locum

200 2274 350 2337 vocabuli
375 2274 466 2356 quod
491 2276 643 2357 genetivo
668 2275 804 2355 legitur,
832 2296 897 2356 qua
922 2276 963 2336 de
987 2296 1022 2336 re
1047 2276 1293 2339 εΙΒ1111111111111.
1322 2278 1433 2342 Indic.

198 2385 240 2446 ad
275 2385 453 2446 Midianam
487 2406 512 2447 S.
546 2407 576 2447 v.
610 2391 687 2447 κατά.
737 2383 917 2447 Schneider
944 2386 986 2448 ad
1012 2386 1113 2448 Isocr.
1140 2400 1243 2466 4‚154
1269 2396 1302 2450 et
1331 2402 1435 2470 5,59;

200 2478 314 2557 Stallb.
340 2495 382 2557 ad
408 2496 454 2558 Pl.
482 2495 523 2557 de
548 2496 633 2577 Rep.
659 2494 727 2576 436
754 2496 791 2558 B.
841 2497 1070 2558 Westermann
1095 2497 1136 2558 ad
1162 2497 1259 2559 Dem.
1289 2516 1374 2578 2‚24
1401 2511 1437 2562 et

203 2607 312 2682 18,17.

760 3052 775 3127 ξ
806 3051 856 3111 18.

247 3287 300 3349 23.
350 3280 485 3344 πρῶτον
505 3273 563 3338 μὲν
583 3274 663 3345 γάρι
689 3269 755 3330 iam
773 3270 928 3349 primum.
968 3270 1073 3352 Saepe
1098 3270 1162 3332 hoc
1186 3271 1238 3332 vel
1254 3272 1296 3327 καὶ
1316 3285 1434 3346 πρῶτον

197 3385 260 3454 μὲν,
279 3392 386 3455 πρῶτον
406 3383 453 3450 μὲν
473 3382 518 3436 οὖν
542 3380 675 3442 inservit
699 3382 897 3457 transitioni;
925 3383 1016 3444 locos
1040 3381 1115 3444 vide
1136 3402 1187 3462 ap.
1215 3379 1433 3463 Frohberger

198 3491 238 3552 ad
273 3491 351 3572 Lys.
385 3508 500 3570 12,92,
533 3500 565 3551 et
594 3489 746 3553 Gebauer
771 3493 803 3552 in
829 3492 983 3573 Append.
1010 3514 1041 3574 p.
1070 3507 1134 3572 297
1162 3512 1230 3573 seq.
1281 3492 1363 3554 Post
1389 3499 1433 3552 ὅτι

198 3604 345 3683 sequitur
370 3623 402 3683 p.
428 3618 526 3681 929,1
555 3601 638 3663 Ace.
666 3622 693 3664 c.
721 3602 798 3678 lni,
827 3624 971 3684 quocum
997 3603 1035 3665 cf.
1065 3616 1175 3682 52‚10.

247 3730 299 3791 24,
349 3715 394 3768 ἐπ’
414 3712 507 3769 οἴνου
527 3717 710 3785 κεραμίοις
732 3718 943 3789 τρισχιλίοις
971 3724 1032 3776 cet.
1067 3712 1183 3775 Bockh
1209 3710 1256 3796 (Ι,
1282 3734 1316 3794 p.
1349 3716 1430 3801 123)

198 3845 240 3886 ex
265 3823 329 3886 hoc
354 3822 430 3885 loco
455 3831 625 3905 computat
648 3824 789 3905 pretium
815 3825 886 3886 cadi
911 3826 992 3901 vini,
1020 3825 1144 3886 seilicet
1164 3823 1292 3905 singula
1308 3830 1430 3897 κεράμια

196 3934 337 3997 valuisse
369 3935 461 3996 binas
494 3933 676 3996 drachmas.
728 3935 819 4015 Ergo
851 3943 977 4009 κεράμιον
1008 3956 1073 3998 non
1106 3935 1193 3997 idem
1217 3942 1327 4016 potest
1353 3956 1430 3998 esse

197 4047 287 4127 quod
312 4053 447 4121 μετρητής
476 4041 582 4126 (cuius
607 4066 705 4127 saepe
731 4067 953 4127 synonymum
979 4045 1058 4131 est),
1077 4067 1133 4109 vas
1151 4066 1307 4127 magnum
1326 4045 1429 4109 fictile

197 4158 290 4218 cuius
322 4157 463 4238 pretium
489 4155 541 4217 hic
566 4157 622 4217 vix
647 4158 679 4217 in
705 4177 840 4219 censum
864 4160 968 4234 venit,
995 4158 1186 4239 praesertim
1211 4177 1286 4218 cum
1310 4159 1428 4219 vinum

198 4268 398 4330 Mendaeum
423 4270 567 4349 optimae
588 4276 684 4329 notae
701 4269 742 4329 sit
759 4266 895 4351 (Athen.
915 4269 965 4330 IV
984 4286 1046 4348 129
1065 4266 1120 4352 D).
1158 4267 1264 4329 Addit
1281 4267 1428 4330 Frankel

196 4378 318 4461 (annot.
351 4379 426 4464 175)
452 4380 484 4440 in
508 4379 604 4440 titulo
626 4399 760 4461 quoque
779 4378 815 4442 C.
836 4380 861 4444 Ι.
880 4380 923 4443 A.
944 4380 995 4457 11,
1016 4378 1102 4459 834b
1119 4398 1290 4440 occurrere
1306 4382 1427 4452 κεράμια

196 4511 281 4572 quae
306 4510 371 4552 non
397 4491 461 4551 sint
485 4494 627 4566 μετρηταί.
979 4509 982 4513 ·
