3008 5296
653 555 696 632 67

104 752 246 815 Pluralis
267 757 405 814 ἑαυτοῖς
424 750 606 811 secundum
623 761 717 827 σχῆμα
735 748 824 828 quod
841 757 978 810 vocatur
994 757 1062 823 πρὸς
1085 756 1115 806 τὺ
1136 754 1288 822 νοούμενον,

10 918 12 925 ,
50 868 125 938 πρὸς
159 868 191 919 τι)
218 867 408 937 σημαινόμενον
440 858 605 921 adhibitus
638 865 704 933 est,
732 858 774 918 de
799 878 866 939 quo
890 858 958 938 agit
983 857 1090 938 Kriig.
1116 858 1158 919 ad
1182 857 1287 920 Thuc.

52 987 219 1050 3,111‚2‚
246 971 402 1050 idemque
427 968 572 1031 Gramm.
603 969 732 1047 58,4,3;
760 967 899 1029 Kiihner
924 968 975 1044 II,
1002 989 1034 1049 p.
1062 983 1145 1046 77a,
1168 974 1193 1030 δ.

49 1132 52 1137 «
104 1098 138 1158 4.
191 1086 301 1144 δεινός
334 1080 424 1161 apud
458 1080 558 1141 Isocr.
591 1092 685 1157 15,15
719 1079 765 1138 sic
795 1077 962 1139 definitur:
989 1083 1051 1143 τοὺς
1073 1084 1168 1152 ἥττους
1191 1081 1286 1153 λόχους

10 1222 12 1229 ·
48 1193 198 1262 κρείττους
230 1193 371 1258 δυνάμενος
402 1195 482 1246 ποιεῖν
513 1197 613 1268 atque
638 1207 736 1269 saepe
760 1189 1032 1269 vituperationem
1057 1185 1173 1262 habel,
1199 1184 1289 1248 velut

48 1288 149 1379 ‘apud
183 1298 281 1360 Dem.
318 1297 536 1377 23.5,18,276
569 1307 650 1373 cet.;
685 1297 723 1359 cs.
751 1295 973 1360 Frohb.-Geb.
999 1296 1042 1358 ad
1067 1296 1147 1376 Lys.
1178 1295 1287 1371 12,86.

51 1408 192 1469 Dicitur
216 1428 282 1469 non
307 1409 415 1469 solum
440 1415 522 1472 δεινος
546 1413 628 1483 λέγειν
653 1407 711 1468 sed
737 1409 833 1469 etiam
859 1411 946 1466 εἰπεῖν,
987 1407 1175 1487 Utrumque
1200 1407 1288 1467 coni-

51 1527 198 1579 unctum
224 1517 325 1580 Isocr.
354 1535 406 1593 21,
413 1532 448 1597 5,
476 1538 541 1579 non
558 1517 731 1579 observato
750 1517 841 1598 quod
858 1517 1033 1578 discrimen
1050 1517 1162 1577 statuit
1179 1515 1287 1596 Kriig.

52 1627 192 1707 65,1,4.‹

109 1751 141 1816 5,
190 1741 313 1813 λόγους
341 1743 552 1810 ποριεῖσθαι.
605 1736 658 1797 De
690 1741 784 1811 λόγους
819 1737 859 1799 cf.
889 1737 903 1818 ᾗ
940 1735 989 1798 16.
1018 1748 1071 1814 25.
1122 1734 1176 1797 SlC
1204 1735 1287 1798 Hor.

54 1847 123 1929 Ep.
164 1864 191 1908 1.
218 1844 249 1907 6.
278 1862 338 1924 31:
382 1844 534 1907 Virtutem
567 1845 664 1906 verba
689 1855 797 1924 putas.
848 1846 1013 1926 Exempla
1037 1845 1220 1920 abundant;
1248 1845 1286 1907 cf.

55 1956 241 2025 Schneider
273 1956 315 2017 ad
349 1955 449 2037 Isocr.
484 1954 605 2033 4,146;
641 1957 747 2037 Krfig.
782 1956 823 2017 ad
855 1956 960 2017 Thuc.
997 1956 1116 2030 &2123
1153 1954 1288 2036 Rueger

56 2069 138 2129 diss.
173 2087 272 2148 supra
304 2065 454 2127 laudatae
486 2086 517 2146 p.
549 2065 603 2128 66.
655 2064 739 2127 Cum
765 2072 915 2139 τιομιεῐσυαι
940 2086 1018 2127 vero
1043 2062 1143 2149 (idem
1169 2064 1288 2146 legitur

63 2179 206 2254 18,127;
249 2176 350 2252 60,12
394 2180 418 2249 ὅ,
447 2198 472 2232 τι
500 2182 557 2251 χρὴ
586 2180 669 2251 λέγειν
698 2175 889 2258 πομισασιναι),
911 2176 1104 2238 contulerim
1147 2176 1286 2254 18,308:

56 2293 270 2360 πεφωνασκηκὼς
293 2287 334 2341 καὶ
355 2286 513 2358 συνειλοχὼς
534 2289 644 2357 ῥήματα
665 2284 706 2339 καὶ
726 2287 821 2358 λόγους
844 2291 959 2360 σονεᾲιει
978 2288 1108 2362 τούτους,
1135 2294 1168 2347 et
1193 2286 1289 2367 Blay-

58 2393 119 2455 des
144 2393 186 2454 ad
210 2391 270 2455 Ar.
296 2391 383 2453 Ach.
412 2390 495 2470 398:
522 2393 655 2464 ξυλλέγων
678 2392 795 2448 ἐπύλλια.

107 2503 140 2566 6,
188 2507 359 2576 παράξειν
380 2505 484 2571 dude:
511 2521 543 2561 se
567 2521 621 2562 vos
637 2500 844 2562 deducturum
861 2523 882 2562 a
899 2503 953 2565 via
969 2525 1048 2582 esse,
1067 2506 1285 2585 decepturum,

59 2624 96 2677 ut
122 2615 217 2676 vertit
242 2613 389 2674 Matzner
414 2610 454 2673 ad
481 2611 563 2691 Lyc.
590 2615 605 2688 ξ
633 2628 674 2690 32
692 2633 724 2693 p.
748 2629 822 2689 140.
857 2613 1021 2697 Exempla
1037 2617 1172 2698 praebet
1189 2617 1288 2678 index

59 2723 260 2785 Reiskianus
277 2743 309 2803 p.
330 2735 392 2801 375
407 2742 414 2796 ;
433 2722 480 2781 sie
497 2724 605 2795 ἁπάγειν
623 2723 684 2784 τοὺς
701 2725 824 2784 δικαστὰς
842 2727 893 2778 άπὸ
909 2735 954 2798 τῆς
969 2729 1123 2790 ὑποθέσεως
1148 2743 1286 2806 19‚242,

59 2835 102 2895 de
135 2853 201 2914 qua
233 2833 398 2893 locutione
430 2830 505 2892 vide
537 2828 631 2891 Wolf
658 2828 698 2889 ad
732 2829 925 2912 Leptineam
964 2846 999 2911 15
1029 2830 1128 2917 (nunc
1159 2835 1228 2920 18),
1256 2845 1288 2897 et

58 2947 168 3017 ι’νπάμειν
193 2938 237 3025 (6,
244 2958 281 3020 31
308 2949 369 3002 cet.
379 2963 386 3014 ;
413 2941 475 3001 loci
493 2939 647 3020 leguntur
664 2959 715 3020 ap.
743 2939 865 3001 Weber
881 2942 923 3003 ad
940 2941 1102 3007 Aristocr.
1122 2946 1180 3026 95)
1197 2947 1287 3027 quod

57 3052 144 3113 bene
165 3051 336 3113 Rehdantz
353 3051 393 3112 ad
412 3051 494 3130 Lyc.
516 3065 556 3128 32
575 3050 670 3110 vertit
689 3049 898 3124 ‚,verleiten''.
926 3051 979 3114 Sic
996 3064 1147 3133 παραγωγή
1166 3073 1183 3117 2
1190 3075 1244 3137 3,9
1250 3073 1263 3135 5
1279 3079 1286 3133 ;

60 3179 148 3241 2193
173 3179 296 3240 40,2I;
324 3160 444 3241 30,26;
470 3159 590 3221 Pollux
607 3176 728 3238 9,132:
748 3164 1140 3240 ἀπάτη---στροφὴ-
1157 3174 1287 3241 -τιάρα-

56 3279 149 3347 γαμή,
176 3276 299 3344 πλάσμα,
325 3277 497 3345 φενακισμάς.
547 3269 600 3330 De
625 3269 790 3330 locutione
815 3274 944 3344 παράγειν
970 3273 1032 3335 τοὺς
1057 3278 1174 3349 νόμους,
1200 3275 1287 3336 idem

57 3380 151 3462 quod
175 3386 343 3455 διαστρέφειν
369 3381 407 3442 cf.
427 3378 579 3442 Schoem.
598 3380 639 3441 ad
657 3379 739 3441 Isae.
763 3397 812 3455 11,
818 3377 872 3458 36.
911 3377 1017 3462 Saepe
1035 3390 1145 3444 autem
1163 3385 1287 3446 iudices

55 3491 197 3553 audiunt
229 3510 264 3551 se
296 3491 471 3571 deceptum
501 3492 555 3566 iri;
590 3490 706 3551 demus
740 3491 826 3551 enim
842 3488 1066 3560 ‚Atheniensis
1091 3496 1285 3571 εὐπαράγωγος

55 3609 109 3664 est
135 3598 208 3684 (Ar.
234 3601 297 3682 Eq.
328 3600 439 3685 1115).

107 3727 139 3790 7,
188 3716 447 3787 ἐπαγγέλλεται
467 3720 516 3773 est
539 3732 607 3774 vox
631 3712 764 3794 propria
784 3710 825 3773 de
841 3711 997 3794 ‘sophistis
1014 3720 1117 3775 artem
1133 3713 1286 3797 profiten-

54 3824 165 3898 tibus,
191 3821 281 3883 velut
306 3820 386 3883 Plat.
413 3821 542 3903 Protag.
568 3840 634 3903 319
647 3821 698 3898 A,
718 3822 772 3884 ubi
789 3823 984 3885 variatcum
1001 3827 1204 3902 ὑπισχνεῖσθαι,
1224 3826 1286 3887 La-

54 3935 127 3997 tine
149 3930 336 3993 denuntiare
360 3930 495 4015 (Piderit
518 3932 560 3994 ad
585 3930 653 3995 Cic.
680 3931 722 3993 de
747 3930 804 3994 Or.
832 3932 864 4009 1,
894 3932 1042 4019 22,103).

105 4044 160 4100 παὶ
184 4043 419 4124 transpositum
444 4050 479 4104 ut
503 4042 608 4106 Thuc.
637 4058 768 4123 3,71‚1;
795 4042 893 4121 67,6;
920 4058 1076 4123 4,105,1;
1107 4047 1194 4124 5138.
1232 4047 1286 4108 De

53 4155 177 4241 plurali
210 4159 336 4230 ταῦτα,
370 4154 426 4235 qui
459 4174 528 4215 rem
560 4174 620 4236 per
652 4153 797 4236 singulas
821 4162 930 4236 partes
955 4155 1152 4218 considerari
1177 4156 1284 4233 iubet,

53 4267 96 4331 cs.
126 4263 248 4328 Weber
271 4264 313 4326 ad
337 4263 497 4327 Aristocr.
527 4280 557 4342 7.
584 4264 813 4327 Westermann
837 4264 879 4327 ad
909 4280 971 4343 1,7.
